4820 6094
989 464 1142 563 ⁸-le

145 699 204 764 per
220 687 333 762 portas
355 672 575 738 Athenienses
596 669 722 754 recepti
752 678 828 733 sunt
849 668 889 752 (ξ.
907 654 989 755 90),
1020 689 1094 732 cum
1119 665 1202 730 Plut.
1225 687 1290 730 non
1314 667 1422 737 tradat
1444 667 1606 752 quomodo
1630 671 1842 752 intraverint,
1874 659 1972 738 Diod.

147 801 226 846 vero
248 778 347 842 scalis
370 797 426 840 eos
449 775 581 840 moenia
603 793 774 859 superasse
798 780 925 834 narret:
955 772 1158 858 παρεδέχοντο
1190 770 1229 851 [οἱ
1251 773 1455 855 προδιδόντες]
1478 773 1548 850 rode
1569 776 1637 859 περὶ
1659 774 1712 838 τὸν
1733 776 1813 840 Ἀλκ.
1835 778 1886 840 δαί
1907 785 1969 845 τῶν

148 881 301 964 κλιμάκων
323 887 386 947 κτλ.
431 877 530 964 Apud
553 875 807 963 Xenophontem
831 875 865 938 in
879 873 958 958 foro
980 873 1178 960 colliguntur
1200 871 1433 959 Peloponnesii
1454 876 1641 972 pugnaturi,
1666 897 1739 939 cum
1764 899 1807 941 ex
1829 879 1975 949 Diodori

149 985 336 1046 narratione
365 983 507 1069 primum
537 981 579 1044 ad
606 990 735 1066 portum
765 977 1046 1057 currantdeinde
1076 976 1118 1041 ad
1148 979 1271 1058 moenia
1301 987 1335 1040 et
1364 997 1438 1040 cum
1461 975 1544 1040 Plut.
1575 976 1658 1040 nihil
1688 979 1795 1042 tradat
1827 981 1868 1045 de
1901 983 1974 1049 loc⁰
2076 1033 2083 1042 .

150 1107 292 1172 pugnae.
340 1084 437 1164 Quod
468 1105 546 1149 vero
570 1082 625 1148 Gr.
651 1079 822 1145 contendit
845 1103 888 1144 ex
912 1079 1021 1143 verbis
1045 1079 1270 1164 Xenophontis
1293 1080 1406 1164 sequi,
1440 1077 1693 1165 Peloponnesios
1723 1085 1788 1166 jam
1812 1083 1875 1150 alio
1899 1088 1970 1153 loco

149 1209 316 1275 pugnasse
341 1188 489 1267 (fortasse
512 1187 613 1272 igitur
635 1183 975 1248 commemorationem
993 1205 1125 1268 pugnae
1149 1183 1190 1246 ad
1212 1192 1342 1268 portum
1365 1185 1556 1248 commissae
1576 1207 1647 1250 esse
1666 1187 1829 1302 epactam),
1852 1191 1887 1256 id
1910 1215 1973 1278 quo

144 1295 223 1379 Jure
245 1291 458 1356 affirmaverit
480 1313 546 1354 non
569 1286 733 1377 intelligo,
756 1308 863 1372 neque
887 1287 992 1373 magis
1014 1287 1179 1374 percipio,
1211 1306 1274 1372 quo
1297 1285 1394 1352 modo
1411 1308 1461 1357 ,ex
1482 1288 1593 1353 verbis
1615 1293 1704 1357 οὐδὲν
1725 1295 1841 1360 τούτων
1862 1295 1975 1378 εἰδότες

152 1394 241 1461 idem
265 1404 467 1479 extorquere
489 1393 644 1481 potuerit.

318 1494 547 1581 Xenophontis
570 1495 714 1560 narratio
737 1492 817 1556 mibi
847 1490 945 1576 plane
974 1493 1149 1580 perspicua
1181 1493 1316 1558 videtur
1345 1516 1417 1559 esse
1453 1506 1549 1582 atque
1581 1496 1760 1579 dilucidat)
1793 1523 1899 1588 neque
1933 1526 1975 1568 ex

155 1598 332 1664 Plutarcho
356 1597 560 1684 complenda,
585 1619 657 1662 cum
680 1597 722 1661 ob
746 1595 952 1660 diversitates
975 1592 1048 1659 illae
1072 1616 1136 1659 uon
1159 1595 1366 1660 statuendum
1389 1598 1442 1679 sit,
1466 1597 1558 1662 illum
1583 1622 1625 1664 ex
1647 1600 1709 1665 hoc
1727 1603 1798 1688 ipso
1817 1604 1972 1686 hausisse,

156 1704 214 1768 sed
239 1705 336 1766 etiarn
359 1701 515 1768 hocloco
539 1699 733 1787 eprhoro
763 1698 944 1763 Hellenicis
972 1699 1028 1784 qui
1056 1697 1226 1779 utebatur,
1268 1721 1343 1764 cum
1376 1700 1476 1766 Diod.
1508 1701 1605 1788 plane
1641 1705 1808 1770 diversum
1844 1720 1975 1775 secutus

158 1807 358 1871 sitientem.

315 1907 469 1974 Anaxilai
493 1907 735 1972 damnationem
757 1929 778 1970 a
798 1905 972 1970 Plutarcho
994 1903 1144 1970 similiter
1166 1915 1263 1992 atque
1287 1929 1307 1970 a
1331 1907 1551 1992 Xenophonte
1582 1913 1621 1992 (ξ.
1649 1913 1700 1990 19)
1731 1916 1856 1978 narrari
1879 1913 1975 1981 facile

160 2011 367 2099 intelligitur.
412 2011 508 2093 Quod
529 2033 609 2076 vero
632 2011 765 2075 brevior
787 2009 830 2073 sit
852 2007 936 2076 Xon.
959 2031 1023 2074 non
1049 2011 1253 2096 epitomatori
1276 2010 1484 2076 tribuendum
1510 2034 1580 2076 csse
1604 2013 1723 2082 Btr'chs.
1746 2025 1835 2081 recte
1852 2019 1974 2099 statuit,

160 2128 197 2182 ut
218 2117 414 2220 nonfuerit,
438 2139 497 2180 cur
518 2115 580 2179 hoc
602 2115 768 2179 monuerit
790 2113 864 2197 Gn,
888 2137 996 2200 neque
1018 2115 1122 2200 magis
1145 2117 1180 2179 in
1201 2114 1411 2179 anacoluthia
1433 2114 1663 2181 offendendum
1694 2129 1743 2184 est
1764 2120 1976 2208 Xenophonti

161 2221 420 2301 usitatissima.²)
464 2219 566 2284 Recte
590 2221 687 2283 etiam
710 2217 828 2284 Biichs.
852 2218 948 2302 dicit,
971 2241 1012 2282 ea
1034 2240 1118 2304 quae
1140 2217 1224 2284 Plut.
1255 2218 1437 2298 addiderit,
1474 2219 1641 2286 rhetorica
1670 2241 1757 2304 esse,
1796 2223 1878 2288 nihil
1913 2226 1976 2289 nisi

162 2327 341 2406 ἀντιθέσεις,
363 2345 447 2409 quae
471 2333 578 2387 tamen
601 2325 829 2410 potiusquam
853 2320 1029 2386 Plutarcho
1061 2321 1256 2387 tribuendae
1284 2322 1437 2387 videntur
1459 2322 1592 2411 Ephoro
1622 2324 1774 2390 Isocratis
1804 2327 1975 2413 discipulo.

320 2513 372 2576 De
393 2512 511 2576 itinere
535 2508 716 2576 Alcibiadis
745 2520 822 2574 ante
850 2533 994 2597 pugnam
1025 2509 1069 2574 sd
1098 2511 1229 2576 Notium
1259 2513 1464 2586 commissam
1498 2514 1583 2578 facto
1612 2513 1698 2580 Xen.
1734 2514 1818 2580 haec
1850 2517 1977 2581 narrat:

166 2614 357 2681 Alcibiades
373 2615 511 2680 Athenis
533 2612 698 2700 profectus
715 2613 864 2678 Andrum
887 2613 1026 2678 insulam
1051 2636 1241 2702 expugnare
1264 2625 1297 2678 et
1319 2617 1475 2702 subigere
1498 2617 1715 2684 frustratum
1740 2629 1874 2684 conatus
1893 2633 1978 2686 esset

166 2720 299 2784 Samum
322 2741 357 2782 se
381 2716 519 2782 contulit
540 2726 573 2780 et
597 2715 719 2781 bellum
740 2717 842 2802 gessit
864 2715 924 2781 bac
945 2717 1147 2808 potissimum
1171 2717 1253 2782 urbe
1276 2720 1399 2799 nisus³)
1422 2722 1613 2805 (ἕαολίμιιΙ
1644 2723 1681 2805 4,
1712 2723 1863 2801 21-23).
1914 2723 1977 2810 Ly-

166 2821 285 2886 sandro
308 2843 381 2886 cum
404 2819 447 2883 90
469 2817 609 2884 navibus
633 2817 756 2904 Ephesi
780 2828 1012 2898 commorante,
1035 2819 1107 2883 Alc.
1127 2813 1320 2886 Phocaeam‘
1334 2830 1382 2887 est
1403 2823 1568 2909 profectus
1591 2833 1627 2888 ut
1646 2845 1741 2911 opem
1761 2826 1862 2890 ferret
1878 2826 1979 2890 Thra·

165 2924 284 3014 sybulo
306 2925 365 3010 qui
385 2923 470 2989 hanc
490 2923 606 2988 urbem
630 2922 837 3004 obsidebat⁴)
861 2922 889 3002 (l
911 2923 942 3000 5,
975 2924 1124 3006 10-11).
1156 2963 1193 2973 -
1224 2923 1309 3002 Plut.
1338 2924 1410 2990 Alc.
1445 2927 1488 2993 35
1522 2927 1687 2993 obsessam
1723 2951 1794 2993 esse
1826 2929 1976 2994 Andrum

166 3028 306 3095 insulam
328 3049 465 3092 narrans
487 3027 564 3092 inde
587 3024 793 3091 Alcibiadem
816 3025 997 3111 proiectum
1019 3027 1099 3092 iacit
1119 3031 1169 3094 ἐπὶ
1192 3029 1321 3114 Καρίας,
1345 3028 1421 3115 Lys.
1444 3029 1466 3095 ὁ
1488 3053 1566 3100 vero
1590 3053 1663 3095 eum
1682 3033 1779 3096 Samo
1802 3035 1976 3119 navigasse

166 3133 248 3200 dicit
269 3137 311 3213 εἰς
333 3134 492 3212 &maetam
516 3152 590 3196 cum
613 3130 712 3195 Diod.
735 3129 817 3194 XIII
840 3129 882 3196 69
906 3129 1016 3195 undat
1044 3153 1118 3195 eum
1151 3131 1265 3196 Andto
1294 3119 1476 3219 proiectum
1504 3145 1651 3200 vastasse
1682 3133 1729 3199 Co
1763 3144 1797 3200 et
1826 3135 1976 3200 Rhodum

167 3235 315 3315 insulam,
338 3235 415 3300 inde
445 3234 611 3321 Ephesum
642 3235 772 3299 venisse
801 3243 898 3320 atque
928 3233 1090 3298 Antiocho
1119 3234 1168 3298 ibi
1197 3233 1312 3299 relicto
1342 3234 1554 3302 Clazomenas
1571 3251 1622 3303 ‘se
1655 3237 1842 3303 contulisse.
1894 3239 1977 3304 Cum

165 3343 266 3428 igitur
288 3339 386 3404 Diod
410 3363 431 3404 a
453 3338 671 3426 Xenophonte
693 3361 760 3403 non
783 3336 919 3403 multum
947 3338 1081 3404 recedat
1107 3336 1191 3403 Plut
1222 3337 1319 3423 plane
1348 3341 1512 3420 corbaria
1540 3351 1661 3428 narrat.
1715 3341 1811 3421 Quod
1844 3342 1978 3429 quidem

166 3447 243 3533 Lys.
267 3445 289 3511 5
311 3443 407 3509 Samo
430 3444 538 3507 statim
561 3442 746 3509 Phocaeam
770 3465 843 3507 eum
865 3444 1039 3528 navigasse
1061 3441 1150 3520 dicit,
1173 3461 1238 3505 non
1261 3440 1354 3504 multi
1378 3443 1532 3508 momenti
1556 3453 1614 3522 est,
1648 3465 1721 3508 eum
1744 3445 1871 3508 omissis
1899 3465 1977 3509 non-

166 3548 265 3614 nullis
287 3547 458 3613 exordium
480 3547 643 3634 finemque
666 3547 793 3611 itineris
814 3555 902 3612 recte
926 3545 1107 3611 tradiderit.
1151 3543 1249 3624 Quod
1271 3536 1349 3608 ver'o
1372 3544 1444 3612 Alea
1467 3547 1510 3612 35
1531 3547 1565 3609 in
1589 3545 1719 3610 Cariam
1749 3570 1823 3612 eurn
1846 3555 1977 3612 vectum

168 3675 239 3719 esse
262 3659 382 3732 narrat,
406 3673 480 3715 cum
502 3673 568 3715 non
590 3659 679 3715 recte
702 3650 824 3715 habere
846 3649 1024 3728 videretur,
1049 3647 1085 3714 C.
1109 3648 1231 3713 Friclre
1254 3651 1374 3730 Λυδίας
1396 3649 1495 3714 scribi
1513 3650 1658 3735 jussit.⁵)
1703 3649 1770 3714 'red
1797 3671 1914 3716 vereor
1936 3673 1978 3718 ne

167 3759 274 3821 minus
297 3764 385 3820 recte
409 3756 521 3840 egerit.
566 3753 699 3840 Optime
717 3753 803 3816 enim
822 3751 982 3838 explicari
999 3759 1108 3837 potest
1127 3773 1193 3816 vox
1207 3756 1335 3840 Καρίας,
1359 3749 1449 3839 quae'
1463 3756 1513 3838 (ut
1528 3752 1701 3834 Rusones)
1720 3755 1858 3837 monuit)
1881 3753 1978 3839 plane

167 3882 231 3925 non
254 3868 416 3944 repugnat
438 3857 648 3944 Xenophonti
672 3857 794 3922 dicenti
819 3855 849 3940 (Ι
871 3854 902 3935 4,
925 3855 981 3938 23)
1003 3864 1190 3924 κακιῒθεν
1220 3857 1255 3940 (i.
1285 3879 1314 3921 e.
1352 3878 1395 3922 ex
1424 3856 1532 3935 Samo]
1569 3860 1746 3942 ὁρμώμενος
1784 3863 1801 3924 ε’
1809 3859 1978 3940 πσλέμει,

168 3986 251 4050 quae
274 3985 326 4028 res
349 3963 532 4027 accuratius
554 3969 747 4025 narratura
769 3959 916 4024 Diodoro
940 3957 1034 4037 (XIll
1057 3958 1128 4042 69):
1151 3957 1316 4039 ἐκπλεύσας
1339 3967 1394 4038 (ex
1418 3961 1545 4044 Andro)
1568 3962 1628 4048 τήν
1650 3989 1681 4028 τε
1714 3966 1772 4028 liei
1799 3964 1848 4027 καί
1875 3959 1979 4028 Ῥόδον

168 4070 301 4160 ε’δίήωσις
325 4065 444 4131 deinde
467 4065 555 4152 apud
576 4063 786 4129 Plutarchum
809 4063 941 4127 additur
969 4065 1221 4152 ἀργυρολογήσων
1228 4111 1237 4144 ,
1271 4061 1359 4148 quod
1391 4085 1499 4149 neque
1539 4064 1581 4127 ad
1621 4063 1833 4129 Clazomenas
1872 4083 1978 4147 neque

169 4172 363 4250 Phocaeam,
386 4169 417 4234 b.
441 4192 468 4236 e.
492 4169 632 4256 Lydiam
655 4167 804 4255 quadrat,
826 4167 885 4233 sed
908 4166 1048 4253 quadrat
1069 4175 1193 4232 tanturn
1217 4165 1260 4230 ad
1282 4167 1333 4230 Ko
1357 4176 1391 4231 et
1412 4167 1573 4245 Rhodum,
1597 4169 1617 4232 i.
1642 4189 1670 4235 e.
1695 4165 1836 4231 Cariam.

324 4273 439 4361 Itaque
462 4272 504 4338 de
526 4275 643 4339 itinere
667 4271 851 4337 Alcibiadis
873 4271 954 4336 haec
985 4270 1139 4336 videntur
1167 4269 1341 4334 statuenda
1368 4291 1456 4335 esse:
1490 4271 1605 4335 Andro
1635 4291 1678 4334 ex
1710 4268 1817 4332 insula
1845 4268 1979 4336 Samum

170 4377 275 4458 solvit,
299 4376 377 4442 inde
399 4376 433 4438 in
456 4397 546 4440 mare
569 4375 611 4440 ad
634 4373 804 4440 meridiem
828 4396 943 4439 versus
964 4373 1128 4459 profectus
1151 4383 1209 4458 est,
1233 4372 1354 4438 deinde
1377 4373 1543 4459 Ephesum
1578 4385 1676 4458 atque
1705 4379 1868 4458 postremo
1897 4371 1981 4436 Pbo-
2009 4358 2015 4367 ⁶

329 4550 353 4615 ¹)
371 4546 447 4616 quod
463 4562 500 4600 ne
518 4545 565 4600 Gr.
583 4545 698 4614 quidem
714 4561 818 4615 negare
835 4545 928 4599 audet.
948 4575 980 4584 -
999 4543 1027 4598 C.
1045 4543 1137 4610 Peter,
1156 4561 1255 4599 comm.
1274 4561 1312 4601 cr.
1329 4545 1363 4598 25
1390 4543 1549 4610 contendit,
1575 4543 1768 4612 Xenophontis
1793 4544 1981 4598 narrationem

171 4635 269 4690 falsam
288 4651 358 4702 esse,
377 4632 427 4687 sed
443 4631 560 4687 Diodori
579 4635 609 4686 et
625 4631 767 4686 Plutarchi
785 4632 933 4685 rectiorem
950 4647 1012 4685 esse
1029 4645 1121 4700 nsque
1138 4630 1186 4684 ille
1204 4630 1336 4698 probavit
1353 4645 1444 4700 neque
1461 4629 1575 4685 omniuo
1605 4628 1720 4699 probari
1741 4635 1842 4699 petest
1872 4659 1902 4668 -
1930 4627 1982 4682 cfr.

172 4719 361 4778 Breitenbsch
378 4719 396 4777 1.
415 4720 434 4773 l.
452 4719 503 4772 513
523 4735 566 4786 sq.

329 4810 354 4872 ²)
372 4821 541 4875 quemquern
559 4803 606 4861 Gr.
625 4819 720 4872 progr.
739 4802 863 4856 20·hano
880 4801 1085 4856 anacoluthiam
1102 4801 1178 4857 inter
1194 4819 1241 4856 ess
1259 4807 1411 4866 enumerat,
1430 4819 1497 4872 quas
1515 4801 1662 4856 inusitatas
1689 4799 1770 4868 dicit,
1793 4817 1850 4855 non
1874 4798 1981 4854 addens

172 4911 221 4949 cur
238 4895 280 4948 ita
293 4893 408 4963 judicet
427 4921 461 4932 -
479 4890 529 4944 eir.
547 4891 668 4944 editores
687 4888 724 4943 sd
740 4889 878 4959 Vigernm
896 4887 950 4956 (ed.
967 4887 1008 4941 IV
1027 4890 1105 4954 1834)
1122 4905 1169 4958 pg.
1187 4890 1221 4942 5³
1240 4906 1282 4956 sq.

329 4980 355 5044 ³)
373 4977 489 5048 „Sarnos
507 4993 565 5030 war
582 4975 633 5030 der
651 4975 901 5046 operatienspunct
913 4974 967 5029 der
984 4974 1141 5030 Athener‘:
1159 4973 1285 5042 Vischer,
1302 4972 1396 5027 Alkib.
1414 4972 1471 5026 und
1488 4972 1553 5043 Lys.
1571 4973 1613 5029 88.

329 5068 355 5130 ⁴)
373 5063 437 5116 Vox
455 5063 585 5132 τειχίζειν,
603 5061 634 5114 i'n
651 5077 706 5130 qua
724 5059 840 5114 offendit
858 5059 904 5114 Gr.
922 5075 1018 5130 progr.
1035 5061 1077 5130 21,
1096 5060 1149 5114 hoc
1166 5059 1228 5113 loco
1246 5058 1322 5126 snae
1346 5056 1472 5130 εἰρημένη
1496 5063 1541 5116 est
1563 5073 1616 5129 pro
1640 5058 1818 5127 ἀποτειχίζειν
1847 5079 1883 5104 ==
1915 5055 1981 5124 „ob-

173 5151 291 5208 sidere.
326 5149 438 5219 Sauppe
455 5150 485 5202 in
502 5146 626 5216 lexilogo
644 5165 666 5201 s.
684 5163 710 5202 v.
728 5145 827 5204 vertit:
846 5147 1044 5216 „absperren‘t

333 5236 515 5306 5)1.1.ριεμ
530 5235 564 5288 88
583 5249 624 5301 sq.
697 5231 723 5298 θ)
741 5232 758 5288 l.
777 5231 796 5286 l
814 5247 877 5302 pag.
895 5233 947 5286 282
964 5248 1005 5300 sq.
