<?xml version="1.0" encoding="UTF-8"?>
<!DOCTYPE html PUBLIC "-//W3C//DTD XHTML 1.0 Transitional//EN"
    "http://www.w3.org/TR/xhtml1/DTD/xhtml1-transitional.dtd">
<html xmlns="http://www.w3.org/1999/xhtml" xml:lang="en" lang="en">
 <head>
  <title>
</title>
<meta http-equiv="Content-Type" content="text/html;charset=utf-8" />
  <meta name='ocr-system' content='tesseract 3.04.00' />
  <meta name='ocr-capabilities' content='ocr_page ocr_carea ocr_par ocr_line ocrx_word'/>
</head>
<body>
  <div class='ocr_page' id='page_1' title='image "./dexenophontishe00vollgoog/dexenophontishe00vollgoog_0048.png"; bbox 0 0 4820 6094; ppageno 0'>
   <div class='ocr_carea' id='block_1_1' title="bbox 1061 455 1105 518">
    <p class='ocr_par' dir='ltr' id='par_1_1' title="bbox 1061 455 1105 518">
     <span class='ocr_line' id='line_1_1' title="bbox 1061 455 1105 518; baseline 0 0"><span class='ocrx_word' id='word_1_1' title='bbox 1061 455 1105 518; x_wconf 82' lang='lat'><strong>45</strong></span> 
     </span>
    </p>
   </div>
   <div class='ocr_carea' id='block_1_2' title="bbox 181 657 1990 1160">
    <p class='ocr_par' dir='ltr' id='par_1_2' title="bbox 181 657 1990 1160">
     <span class='ocr_line' id='line_1_2' title="bbox 181 657 1985 748; baseline 0 -23"><span class='ocrx_word' id='word_1_2' title='bbox 181 661 237 748; x_wconf 89' lang='lat' dir='ltr'><strong>qui</strong></span> <span class='ocrx_word' id='word_1_3' title='bbox 259 661 380 746; x_wconf 90' lang='lat' dir='ltr'><strong>optime</strong></span> <span class='ocrx_word' id='word_1_4' title='bbox 404 669 436 723; x_wconf 90' lang='lat' dir='ltr'><strong>et</strong></span> <span class='ocrx_word' id='word_1_5' title='bbox 457 661 698 724; x_wconf 72' lang='lat' dir='ltr'><strong>accuratissime</strong></span> <span class='ocrx_word' id='word_1_6' title='bbox 721 680 834 724; x_wconf 88' lang='lat' dir='ltr'><strong>omnes</strong></span> <span class='ocrx_word' id='word_1_7' title='bbox 852 681 906 724; x_wconf 86' lang='lat' dir='ltr'><strong>res</strong></span> <span class='ocrx_word' id='word_1_8' title='bbox 928 659 1071 724; x_wconf 84' lang='lat' dir='ltr'><strong>narravit</strong></span> <span class='ocrx_word' id='word_1_9' title='bbox 1093 667 1126 724; x_wconf 89' lang='lat' dir='ltr'><strong>et</strong></span> <span class='ocrx_word' id='word_1_10' title='bbox 1148 659 1310 744; x_wconf 74' lang='lat' dir='ltr'><strong>exposuit,</strong></span> <span class='ocrx_word' id='word_1_11' title='bbox 1335 667 1368 724; x_wconf 88' lang='lat' dir='ltr'><strong>et</strong></span> <span class='ocrx_word' id='word_1_12' title='bbox 1389 657 1477 724; x_wconf 90' lang='lat' dir='ltr'><strong>bella</strong></span> <span class='ocrx_word' id='word_1_13' title='bbox 1499 667 1532 724; x_wconf 89' lang='lat' dir='ltr'><strong>et</strong></span> <span class='ocrx_word' id='word_1_14' title='bbox 1551 659 1725 726; x_wconf 89' lang='lat' dir='ltr'><strong>interiores</strong></span> <span class='ocrx_word' id='word_1_15' title='bbox 1752 683 1861 726; x_wconf 91' lang='lat' dir='ltr'><strong>rerum</strong></span> <span class='ocrx_word' id='word_1_16' title='bbox 1883 660 1985 747; x_wconf 90' lang='lat' dir='ltr'><strong>publi·</strong></span> 
     </span>
     <span class='ocr_line' id='line_1_3' title="bbox 183 761 1990 851; baseline 0.001 -23"><span class='ocrx_word' id='word_1_17' title='bbox 183 785 293 828; x_wconf 90' lang='lat' dir='ltr'><strong>carum</strong></span> <span class='ocrx_word' id='word_1_18' title='bbox 316 761 530 841; x_wconf 87' lang='lat' dir='ltr'><strong>conditiones,</strong></span> <span class='ocrx_word' id='word_1_19' title='bbox 552 785 595 828; x_wconf 92' lang='lat' dir='ltr'><strong>ne</strong></span> <span class='ocrx_word' id='word_1_20' title='bbox 616 763 768 840; x_wconf 89' lang='lat' dir='ltr'><strong>minimis,</strong></span> <span class='ocrx_word' id='word_1_21' title='bbox 791 784 833 827; x_wconf 91' lang='lat' dir='ltr'><strong>ne</strong></span> <span class='ocrx_word' id='word_1_22' title='bbox 855 761 1062 846; x_wconf 75' lang='lat' dir='ltr'><strong>Thessalicis,</strong></span> <span class='ocrx_word' id='word_1_23' title='bbox 1085 784 1127 826; x_wconf 92' lang='lat' dir='ltr'><strong>ne</strong></span> <span class='ocrx_word' id='word_1_24' title='bbox 1152 761 1377 828; x_wconf 76' lang='lat' dir='ltr'><strong>siciliensibus</strong></span> <span class='ocrx_word' id='word_1_25' title='bbox 1406 763 1549 845; x_wconf 85' lang='lat' dir='ltr'><strong>omissis,</strong></span> <span class='ocrx_word' id='word_1_26' title='bbox 1576 764 1632 848; x_wconf 90' lang='lat' dir='ltr'><strong>qni</strong></span> <span class='ocrx_word' id='word_1_27' title='bbox 1653 764 1834 849; x_wconf 84' lang='lat' dir='ltr'><strong>justissima</strong></span> <span class='ocrx_word' id='word_1_28' title='bbox 1859 785 1990 851; x_wconf 91' lang='lat' dir='ltr'><strong>semper</strong></span> 
     </span>
     <span class='ocr_line' id='line_1_4' title="bbox 184 863 1989 954; baseline 0.001 -24"><span class='ocrx_word' id='word_1_29' title='bbox 184 875 218 931; x_wconf 89' lang='lat' dir='ltr'><strong>et</strong></span> <span class='ocrx_word' id='word_1_30' title='bbox 235 866 377 930; x_wconf 83' lang='lat' dir='ltr'><strong>maxime</strong></span> <span class='ocrx_word' id='word_1_31' title='bbox 395 885 502 950; x_wconf 84' lang='lat' dir='ltr'><strong>aequa</strong></span> <span class='ocrx_word' id='word_1_32' title='bbox 524 864 565 930; x_wconf 90' lang='lat' dir='ltr'><strong>de</strong></span> <span class='ocrx_word' id='word_1_33' title='bbox 584 864 733 930; x_wconf 90' lang='lat' dir='ltr'><strong>omnibus</strong></span> <span class='ocrx_word' id='word_1_34' title='bbox 752 864 939 929; x_wconf 91' lang='lat' dir='ltr'><strong>hominibus</strong></span> <span class='ocrx_word' id='word_1_35' title='bbox 957 864 1085 950; x_wconf 91' lang='lat' dir='ltr'><strong>judicia</strong></span> <span class='ocrx_word' id='word_1_36' title='bbox 1106 863 1190 948; x_wconf 88' lang='lat' dir='ltr'><strong>tulit,</strong></span> <span class='ocrx_word' id='word_1_37' title='bbox 1214 864 1270 950; x_wconf 92' lang='lat' dir='ltr'><strong>qui</strong></span> <span class='ocrx_word' id='word_1_38' title='bbox 1292 886 1398 950; x_wconf 89' lang='lat' dir='ltr'><strong>neque</strong></span> <span class='ocrx_word' id='word_1_39' title='bbox 1420 863 1598 931; x_wconf 78' lang='lat' dir='ltr'><strong>laconismo</strong></span> <span class='ocrx_word' id='word_1_40' title='bbox 1620 865 1737 932; x_wconf 88' lang='lat' dir='ltr'><strong>ductus</strong></span> <span class='ocrx_word' id='word_1_41' title='bbox 1759 868 1884 954; x_wconf 90' lang='lat' dir='ltr'><strong>patriae</strong></span> <span class='ocrx_word' id='word_1_42' title='bbox 1906 869 1989 934; x_wconf 82' lang='lat' dir='ltr'><strong>invi·</strong></span> 
     </span>
     <span class='ocr_line' id='line_1_5' title="bbox 184 967 1990 1055; baseline 0 -21"><span class='ocrx_word' id='word_1_43' title='bbox 184 969 300 1049; x_wconf 87' lang='lat' dir='ltr'><strong>debat,</strong></span> <span class='ocrx_word' id='word_1_44' title='bbox 328 988 433 1053; x_wconf 91' lang='lat' dir='ltr'><strong>neque</strong></span> <span class='ocrx_word' id='word_1_45' title='bbox 453 967 601 1053; x_wconf 86' lang='lat' dir='ltr'><strong>Agesilai</strong></span> <span class='ocrx_word' id='word_1_46' title='bbox 623 968 730 1032; x_wconf 90' lang='lat' dir='ltr'><strong>studio</strong></span> <span class='ocrx_word' id='word_1_47' title='bbox 760 976 865 1032; x_wconf 86' lang='lat' dir='ltr'><strong>motus</strong></span> <span class='ocrx_word' id='word_1_48' title='bbox 893 968 1144 1054; x_wconf 80' lang='lat' dir='ltr'><strong>Epaminondae</strong></span> <span class='ocrx_word' id='word_1_49' title='bbox 1178 967 1355 1054; x_wconf 81' lang='lat' dir='ltr'><strong>Pelopidae</strong></span> <span class='ocrx_word' id='word_1_50' title='bbox 1382 967 1555 1054; x_wconf 74' lang='lat' dir='ltr'><strong>Iphicratis</strong></span> <span class='ocrx_word' id='word_1_51' title='bbox 1582 968 1707 1055; x_wconf 89' lang='lat' dir='ltr'><strong>gloriae</strong></span> <span class='ocrx_word' id='word_1_52' title='bbox 1740 969 1990 1050; x_wconf 88' lang='lat' dir='ltr'><strong>obtrectabat.¹)</strong></span> 
     </span>
     <span class='ocr_line' id='line_1_6' title="bbox 183 1069 1990 1160; baseline 0.003 -26"><span class='ocrx_word' id='word_1_53' title='bbox 183 1069 388 1137; x_wconf 87' lang='lat' dir='ltr'><strong>Haberemus</strong></span> <span class='ocrx_word' id='word_1_54' title='bbox 399 1070 651 1156; x_wconf 87' lang='lat' dir='ltr'><strong>Xenophontem</strong></span> <span class='ocrx_word' id='word_1_55' title='bbox 666 1071 938 1156; x_wconf 81' lang='lat' dir='ltr'><strong>perfectissimum</strong></span> <span class='ocrx_word' id='word_1_56' title='bbox 950 1080 1048 1157; x_wconf 89' lang='lat' dir='ltr'><strong>atque</strong></span> <span class='ocrx_word' id='word_1_57' title='bbox 1066 1093 1226 1136; x_wconf 87' lang='lat' dir='ltr'><strong>summum</strong></span> <span class='ocrx_word' id='word_1_58' title='bbox 1245 1071 1389 1135; x_wconf 92' lang='lat' dir='ltr'><strong>omnium</strong></span> <span class='ocrx_word' id='word_1_59' title='bbox 1408 1072 1611 1157; x_wconf 89' lang='lat' dir='ltr'><strong>scriptorum,</strong></span> <span class='ocrx_word' id='word_1_60' title='bbox 1629 1081 1731 1159; x_wconf 87' lang='lat' dir='ltr'><strong>„quot</strong></span> <span class='ocrx_word' id='word_1_61' title='bbox 1745 1082 1828 1153; x_wconf 75' lang='lat' dir='ltr'><strong>sunt,</strong></span> <span class='ocrx_word' id='word_1_62' title='bbox 1848 1083 1990 1160; x_wconf 84' lang='lat' dir='ltr'><strong>quotque</strong></span> 
     </span>
    </p>
   </div>
   <div class='ocr_carea' id='block_1_3' title="bbox 184 1172 2115 1260">
    <p class='ocr_par' dir='ltr' id='par_1_3' title="bbox 184 1172 2115 1260">
     <span class='ocr_line' id='line_1_7' title="bbox 184 1172 2115 1260; baseline 0.001 -20"><span class='ocrx_word' id='word_1_63' title='bbox 184 1176 285 1254; x_wconf 81' lang='lat' dir='ltr'><strong>luere,</strong></span> <span class='ocrx_word' id='word_1_64' title='bbox 309 1182 453 1260; x_wconf 79' lang='lat' dir='ltr'><strong>quotque</strong></span> <span class='ocrx_word' id='word_1_65' title='bbox 475 1181 549 1259; x_wconf 88' lang='lat' dir='ltr'><strong>post</strong></span> <span class='ocrx_word' id='word_1_66' title='bbox 570 1172 643 1238; x_wconf 87' lang='lat' dir='ltr'><strong>aliis</strong></span> <span class='ocrx_word' id='word_1_67' title='bbox 666 1183 761 1239; x_wconf 88' lang='lat' dir='ltr'><strong>erunt</strong></span> <span class='ocrx_word' id='word_1_68' title='bbox 782 1175 817 1238; x_wconf 92' lang='lat' dir='ltr'><strong>in</strong></span> <span class='ocrx_word' id='word_1_69' title='bbox 839 1176 964 1254; x_wconf 84' lang='lat' dir='ltr'><strong>annis“.</strong></span> <span class='ocrx_word' id='word_1_70' title='bbox 986 1213 1029 1222; x_wconf 97' lang='lat'><strong>—</strong></span> <span class='ocrx_word' id='word_1_71' title='bbox 1052 1175 1118 1239; x_wconf 89' lang='lat' dir='ltr'><strong>Sed</strong></span> <span class='ocrx_word' id='word_1_72' title='bbox 1139 1196 1219 1240; x_wconf 89' lang='lat' dir='ltr'><strong>num</strong></span> <span class='ocrx_word' id='word_1_73' title='bbox 1239 1173 1315 1238; x_wconf 88' lang='lat' dir='ltr'><strong>talis</strong></span> <span class='ocrx_word' id='word_1_74' title='bbox 1337 1173 1522 1260; x_wconf 87' lang='lat' dir='ltr'><strong>Xenophon</strong></span> <span class='ocrx_word' id='word_1_75' title='bbox 1550 1197 1668 1240; x_wconf 86' lang='lat' dir='ltr'><strong>revera</strong></span> <span class='ocrx_word' id='word_1_76' title='bbox 1695 1175 1752 1240; x_wconf 92' lang='lat' dir='ltr'><strong>ille</strong></span> <span class='ocrx_word' id='word_1_77' title='bbox 1780 1178 1823 1240; x_wconf 90' lang='lat' dir='ltr'><strong>sit</strong></span> <span class='ocrx_word' id='word_1_78' title='bbox 1847 1175 1991 1242; x_wconf 86' lang='lat' dir='ltr'><strong>Socratis</strong></span> <span class='ocrx_word' id='word_1_79' title='bbox 2111 1187 2115 1194; x_wconf 84' lang='lat'><em>&#39;</em></span> 
     </span>
    </p>
   </div>
   <div class='ocr_carea' id='block_1_4' title="bbox 184 1274 1998 3220">
    <p class='ocr_par' dir='ltr' id='par_1_4' title="bbox 185 1274 891 1362">
     <span class='ocr_line' id='line_1_8' title="bbox 185 1274 891 1362; baseline 0.001 -21"><span class='ocrx_word' id='word_1_80' title='bbox 185 1274 365 1362; x_wconf 87' lang='lat' dir='ltr'><strong>discipulus</strong></span> <span class='ocrx_word' id='word_1_81' title='bbox 389 1297 485 1362; x_wconf 90' lang='lat' dir='ltr'><strong>quam</strong></span> <span class='ocrx_word' id='word_1_82' title='bbox 508 1278 651 1342; x_wconf 86' lang='lat' dir='ltr'><strong>maxime</strong></span> <span class='ocrx_word' id='word_1_83' title='bbox 675 1277 891 1342; x_wconf 50' lang='lat' dir='ltr'><strong>eat‘duhium.</strong></span> 
     </span>
    </p>

    <p class='ocr_par' dir='ltr' id='par_1_5' title="bbox 184 1377 1998 3220">
     <span class='ocr_line' id='line_1_9' title="bbox 305 1377 1992 1467; baseline 0.001 -25"><span class='ocrx_word' id='word_1_84' title='bbox 305 1379 309 1390; x_wconf 90' lang='lat'>&#39;</span> <span class='ocrx_word' id='word_1_85' title='bbox 339 1379 600 1465; x_wconf 82' lang='lat' dir='ltr'><strong>Argumentandi</strong></span> <span class='ocrx_word' id='word_1_86' title='bbox 621 1380 705 1444; x_wconf 86' lang='lat' dir='ltr'><strong>ratio</strong></span> <span class='ocrx_word' id='word_1_87' title='bbox 728 1401 793 1465; x_wconf 88' lang='lat' dir='ltr'><strong>qua</strong></span> <span class='ocrx_word' id='word_1_88' title='bbox 814 1388 948 1444; x_wconf 89' lang='lat' dir='ltr'><strong>utuntur</strong></span> <span class='ocrx_word' id='word_1_89' title='bbox 969 1379 1034 1443; x_wconf 84' lang='lat' dir='ltr'><strong>viri</strong></span> <span class='ocrx_word' id='word_1_90' title='bbox 1055 1377 1104 1442; x_wconf 93' lang='lat' dir='ltr'><strong>illi</strong></span> <span class='ocrx_word' id='word_1_91' title='bbox 1126 1381 1323 1445; x_wconf 84' lang='lat' dir='ltr'><strong>sententiam</strong></span> <span class='ocrx_word' id='word_1_92' title='bbox 1353 1379 1555 1466; x_wconf 77' lang='lat' dir='ltr'><strong>probaturi2)</strong></span> <span class='ocrx_word' id='word_1_93' title='bbox 1585 1381 1701 1445; x_wconf 87' lang='lat' dir='ltr'><strong>eadem</strong></span> <span class='ocrx_word' id='word_1_94' title='bbox 1729 1390 1779 1446; x_wconf 92' lang='lat' dir='ltr'><strong>est</strong></span> <span class='ocrx_word' id='word_1_95' title='bbox 1806 1390 1904 1467; x_wconf 89' lang='lat' dir='ltr'><strong>atque</strong></span> <span class='ocrx_word' id='word_1_96' title='bbox 1934 1379 1992 1444; x_wconf 90' lang='lat' dir='ltr'><strong>ilia</strong></span> 
     </span>
     <span class='ocr_line' id='line_1_10' title="bbox 184 1471 1992 1576; baseline -0.001 -26"><span class='ocrx_word' id='word_1_97' title='bbox 184 1505 250 1570; x_wconf 88' lang='lat' dir='ltr'><strong>qua</strong></span> <span class='ocrx_word' id='word_1_98' title='bbox 270 1481 327 1548; x_wconf 90' lang='lat' dir='ltr'><strong>alii</strong></span> <span class='ocrx_word' id='word_1_99' title='bbox 349 1484 447 1548; x_wconf 88' lang='lat' dir='ltr'><strong>etiam</strong></span> <span class='ocrx_word' id='word_1_100' title='bbox 466 1485 638 1570; x_wconf 81' lang='lat' dir='ltr'><strong>scriptoret</strong></span> <span class='ocrx_word' id='word_1_101' title='bbox 660 1491 849 1563; x_wconf 87' lang='lat' dir='ltr'><strong>tractantur,</strong></span> <span class='ocrx_word' id='word_1_102' title='bbox 872 1471 906 1548; x_wconf 76' lang='lat' dir='ltr'><strong>et</strong></span> <span class='ocrx_word' id='word_1_103' title='bbox 928 1504 1010 1568; x_wconf 88' lang='lat' dir='ltr'><strong>quae</strong></span> <span class='ocrx_word' id='word_1_104' title='bbox 1033 1483 1162 1568; x_wconf 87' lang='lat' dir='ltr'><strong>saepius</strong></span> <span class='ocrx_word' id='word_1_105' title='bbox 1183 1481 1306 1576; x_wconf 81' lang='lat' dir='ltr'><strong>similes</strong></span> <span class='ocrx_word' id='word_1_106' title='bbox 1327 1483 1433 1568; x_wconf 79' lang='lat' dir='ltr'><strong>gignit</strong></span> <span class='ocrx_word' id='word_1_107' title='bbox 1456 1485 1642 1548; x_wconf 86' lang='lat' dir='ltr'><strong>sententias.</strong></span> <span class='ocrx_word' id='word_1_108' title='bbox 1666 1519 1708 1532; x_wconf 91' lang='lat'><strong>--</strong></span> <span class='ocrx_word' id='word_1_109' title='bbox 1729 1477 1933 1570; x_wconf 82' lang='lat' dir='ltr'><strong>Euripidem,</strong></span> <span class='ocrx_word' id='word_1_110' title='bbox 1955 1493 1992 1548; x_wconf 90' lang='lat' dir='ltr'><strong>ut</strong></span> 
     </span>
     <span class='ocr_line' id='line_1_11' title="bbox 185 1583 1992 1672; baseline 0 -22"><span class='ocrx_word' id='word_1_111' title='bbox 185 1585 248 1651; x_wconf 90' lang='lat' dir='ltr'><strong>hoc</strong></span> <span class='ocrx_word' id='word_1_112' title='bbox 269 1585 422 1671; x_wconf 86' lang='lat' dir='ltr'><strong>exemplo</strong></span> <span class='ocrx_word' id='word_1_113' title='bbox 445 1594 528 1664; x_wconf 87' lang='lat' dir='ltr'><strong>utar,</strong></span> <span class='ocrx_word' id='word_1_114' title='bbox 551 1608 618 1650; x_wconf 91' lang='lat' dir='ltr'><strong>non</strong></span> <span class='ocrx_word' id='word_1_115' title='bbox 640 1585 738 1650; x_wconf 89' lang='lat' dir='ltr'><strong>talem</strong></span> <span class='ocrx_word' id='word_1_116' title='bbox 761 1594 890 1672; x_wconf 87' lang='lat' dir='ltr'><strong>poetam</strong></span> <span class='ocrx_word' id='word_1_117' title='bbox 912 1588 1095 1651; x_wconf 87' lang='lat' dir='ltr'><strong>invenimus</strong></span> <span class='ocrx_word' id='word_1_118' title='bbox 1114 1585 1182 1650; x_wconf 86' lang='lat' dir='ltr'><strong>else</strong></span> <span class='ocrx_word' id='word_1_119' title='bbox 1196 1583 1325 1671; x_wconf 86' lang='lat' dir='ltr'><strong>qualem</strong></span> <span class='ocrx_word' id='word_1_120' title='bbox 1343 1585 1546 1670; x_wconf 85' lang='lat' dir='ltr'><strong>Sophoclem,</strong></span> <span class='ocrx_word' id='word_1_121' title='bbox 1569 1607 1609 1650; x_wconf 91' lang='lat' dir='ltr'><strong>ac</strong></span> <span class='ocrx_word' id='word_1_122' title='bbox 1629 1595 1739 1650; x_wconf 74' lang='lat' dir='ltr'><strong>tamur</strong></span> <span class='ocrx_word' id='word_1_123' title='bbox 1760 1585 1899 1652; x_wconf 86' lang='lat' dir='ltr'><strong>velimus</strong></span> <span class='ocrx_word' id='word_1_124' title='bbox 1917 1607 1992 1651; x_wconf 89' lang='lat' dir='ltr'><strong>eum</strong></span> 
     </span>
     <span class='ocr_line' id='line_1_12' title="bbox 185 1687 1993 1784; baseline 0.001 -31"><span class='ocrx_word' id='word_1_125' title='bbox 185 1698 220 1753; x_wconf 92' lang='lat' dir='ltr'><strong>et</strong></span> <span class='ocrx_word' id='word_1_126' title='bbox 240 1689 347 1772; x_wconf 83' lang='lat' dir='ltr'><strong>ipsum</strong></span> <span class='ocrx_word' id='word_1_127' title='bbox 370 1709 467 1773; x_wconf 88' lang='lat' dir='ltr'><strong>quam</strong></span> <span class='ocrx_word' id='word_1_128' title='bbox 489 1689 759 1775; x_wconf 58' lang='lat' dir='ltr'><strong>perfectissimum</strong></span> <span class='ocrx_word' id='word_1_129' title='bbox 783 1709 855 1752; x_wconf 87' lang='lat' dir='ltr'><strong>esse</strong></span> <span class='ocrx_word' id='word_1_130' title='bbox 877 1689 988 1784; x_wconf 90' lang='lat' dir='ltr'><strong>etqui</strong></span> <span class='ocrx_word' id='word_1_131' title='bbox 1010 1687 1052 1752; x_wconf 88' lang='lat' dir='ltr'><strong>ab</strong></span> <span class='ocrx_word' id='word_1_132' title='bbox 1082 1688 1232 1754; x_wconf 87' lang='lat' dir='ltr'><strong>omnibus</strong></span> <span class='ocrx_word' id='word_1_133' title='bbox 1260 1689 1408 1775; x_wconf 87' lang='lat' dir='ltr'><strong>partibus</strong></span> <span class='ocrx_word' id='word_1_134' title='bbox 1434 1688 1529 1753; x_wconf 90' lang='lat' dir='ltr'><strong>nobis</strong></span> <span class='ocrx_word' id='word_1_135' title='bbox 1557 1687 1711 1774; x_wconf 87' lang='lat' dir='ltr'><strong>placeret.</strong></span> <span class='ocrx_word' id='word_1_136' title='bbox 1762 1689 1852 1776; x_wconf 92' lang='lat' dir='ltr'><strong>Age,</strong></span> <span class='ocrx_word' id='word_1_137' title='bbox 1882 1711 1993 1755; x_wconf 89' lang='lat' dir='ltr'><strong>omnes</strong></span> 
     </span>
     <span class='ocr_line' id='line_1_13' title="bbox 186 1791 1992 1879; baseline 0.001 -24"><span class='ocrx_word' id='word_1_138' title='bbox 186 1791 283 1874; x_wconf 88' lang='lat' dir='ltr'><strong>locos,</strong></span> <span class='ocrx_word' id='word_1_139' title='bbox 315 1794 371 1879; x_wconf 93' lang='lat' dir='ltr'><strong>qui</strong></span> <span class='ocrx_word' id='word_1_140' title='bbox 395 1795 502 1856; x_wconf 88' lang='lat' dir='ltr'><strong>minus</strong></span> <span class='ocrx_word' id='word_1_141' title='bbox 525 1792 686 1877; x_wconf 80' lang='lat' dir='ltr'><strong>quadrant</strong></span> <span class='ocrx_word' id='word_1_142' title='bbox 715 1791 755 1855; x_wconf 90' lang='lat' dir='ltr'><strong>ad</strong></span> <span class='ocrx_word' id='word_1_143' title='bbox 786 1791 963 1876; x_wconf 87' lang='lat' dir='ltr'><strong>imaginem</strong></span> <span class='ocrx_word' id='word_1_144' title='bbox 986 1813 1082 1877; x_wconf 89' lang='lat' dir='ltr'><strong>quam</strong></span> <span class='ocrx_word' id='word_1_145' title='bbox 1113 1793 1178 1878; x_wconf 78' lang='lat' dir='ltr'><strong>ipsi</strong></span> <span class='ocrx_word' id='word_1_146' title='bbox 1206 1791 1294 1857; x_wconf 82' lang='grc' dir='ltr'><strong><em>ποόίε</em></strong></span> <span class='ocrx_word' id='word_1_147' title='bbox 1321 1791 1475 1877; x_wconf 89' lang='lat' dir='ltr'><strong>fingimus</strong></span> <span class='ocrx_word' id='word_1_148' title='bbox 1510 1793 1628 1857; x_wconf 89' lang='lat' dir='ltr'><strong>summi</strong></span> <span class='ocrx_word' id='word_1_149' title='bbox 1663 1802 1779 1877; x_wconf 90' lang='lat' dir='ltr'><strong>poetae</strong></span> <span class='ocrx_word' id='word_1_150' title='bbox 1808 1791 1992 1879; x_wconf 82' lang='lat' dir='ltr'><strong>Euripidis,</strong></span> 
     </span>
     <span class='ocr_line' id='line_1_14' title="bbox 185 1893 1993 1980; baseline 0.001 -21"><span class='ocrx_word' id='word_1_151' title='bbox 185 1904 243 1959; x_wconf 90' lang='lat' dir='ltr'><strong>aut</strong></span> <span class='ocrx_word' id='word_1_152' title='bbox 264 1895 432 1980; x_wconf 87' lang='lat' dir='ltr'><strong>ejiciamus</strong></span> <span class='ocrx_word' id='word_1_153' title='bbox 454 1903 511 1959; x_wconf 92' lang='lat' dir='ltr'><strong>aut</strong></span> <span class='ocrx_word' id='word_1_154' title='bbox 532 1903 693 1958; x_wconf 89' lang='lat' dir='ltr'><strong>mutemus</strong></span> <span class='ocrx_word' id='word_1_155' title='bbox 714 1896 949 1980; x_wconf 86' lang='lat' dir='ltr'><strong>(„corrigamus</strong></span> <span class='ocrx_word' id='word_1_156' title='bbox 971 1902 1005 1957; x_wconf 90' lang='lat' dir='ltr'><strong>et</strong></span> <span class='ocrx_word' id='word_1_157' title='bbox 1027 1893 1257 1958; x_wconf 87' lang='lat' dir='ltr'><strong>emendemus“</strong></span> <span class='ocrx_word' id='word_1_158' title='bbox 1280 1903 1315 1958; x_wconf 94' lang='lat' dir='ltr'><strong>ut</strong></span> <span class='ocrx_word' id='word_1_159' title='bbox 1333 1894 1399 1958; x_wconf 90' lang='lat' dir='ltr'><strong>dici</strong></span> <span class='ocrx_word' id='word_1_160' title='bbox 1417 1894 1525 1975; x_wconf 84' lang='lat' dir='ltr'><strong>solet),</strong></span> <span class='ocrx_word' id='word_1_161' title='bbox 1548 1894 1606 1960; x_wconf 91' lang='lat' dir='ltr'><strong>ubi</strong></span> <span class='ocrx_word' id='word_1_162' title='bbox 1624 1896 1806 1960; x_wconf 89' lang='lat' dir='ltr'><strong>sententiae</strong></span> <span class='ocrx_word' id='word_1_163' title='bbox 1823 1916 1890 1960; x_wconf 92' lang='lat' dir='ltr'><strong>non</strong></span> <span class='ocrx_word' id='word_1_164' title='bbox 1909 1895 1993 1960; x_wconf 90' lang='lat' dir='ltr'><strong>hene</strong></span> 
     </span>
     <span class='ocr_line' id='line_1_15' title="bbox 186 1993 1994 2086; baseline 0 -23"><span class='ocrx_word' id='word_1_165' title='bbox 186 2020 222 2063; x_wconf 87' lang='lat' dir='ltr'><strong>se</strong></span> <span class='ocrx_word' id='word_1_166' title='bbox 244 2000 397 2084; x_wconf 85' lang='lat' dir='ltr'><strong>excipere</strong></span> <span class='ocrx_word' id='word_1_167' title='bbox 422 1999 509 2064; x_wconf 72' lang='lat' dir='ltr'><strong>nobis</strong></span> <span class='ocrx_word' id='word_1_168' title='bbox 524 1993 698 2076; x_wconf 71' lang='lat' dir='ltr'><strong>uidentur,</strong></span> <span class='ocrx_word' id='word_1_169' title='bbox 716 1996 850 2064; x_wconf 87' lang='lat' dir='ltr'><strong>lacunas</strong></span> <span class='ocrx_word' id='word_1_170' title='bbox 872 2005 1050 2060; x_wconf 87' lang='lat' dir='ltr'><strong>statuamus</strong></span> <span class='ocrx_word' id='word_1_171' title='bbox 1072 1995 1279 2062; x_wconf 88' lang='lat' dir='ltr'><strong>librariorum</strong></span> <span class='ocrx_word' id='word_1_172' title='bbox 1303 1997 1398 2083; x_wconf 91' lang='lat' dir='ltr'><strong>culpa</strong></span> <span class='ocrx_word' id='word_1_173' title='bbox 1418 2008 1522 2063; x_wconf 86' lang='lat' dir='ltr'><strong>ortas:</strong></span> <span class='ocrx_word' id='word_1_174' title='bbox 1547 1997 1665 2064; x_wconf 85' lang='lat' dir='ltr'><strong>evadet</strong></span> <span class='ocrx_word' id='word_1_175' title='bbox 1691 1998 1869 2086; x_wconf 85' lang='lat' dir='ltr'><strong>Euripides</strong></span> <span class='ocrx_word' id='word_1_176' title='bbox 1898 2021 1994 2085; x_wconf 88' lang='lat' dir='ltr'><strong>quem</strong></span> 
     </span>
     <span class='ocr_line' id='line_1_16' title="bbox 186 2097 1995 2190; baseline 0.002 -26"><span class='ocrx_word' id='word_1_177' title='bbox 186 2102 351 2187; x_wconf 88' lang='lat' dir='ltr'><strong>poscimus</strong></span> <span class='ocrx_word' id='word_1_178' title='bbox 373 2105 524 2186; x_wconf 89' lang='lat' dir='ltr'><strong>egregius</strong></span> <span class='ocrx_word' id='word_1_179' title='bbox 546 2109 653 2187; x_wconf 82' lang='lat' dir='ltr'><strong>poete,</strong></span> <span class='ocrx_word' id='word_1_180' title='bbox 675 2099 832 2190; x_wconf 69' lang='lat' dir='ltr'><strong>Sophocli</strong></span> <span class='ocrx_word' id='word_1_181' title='bbox 852 2122 912 2186; x_wconf 91' lang='lat' dir='ltr'><strong>par</strong></span> <span class='ocrx_word' id='word_1_182' title='bbox 934 2120 1124 2186; x_wconf 88' lang='lat' dir='ltr'><strong>summaque</strong></span> <span class='ocrx_word' id='word_1_183' title='bbox 1146 2097 1242 2164; x_wconf 92' lang='lat' dir='ltr'><strong>laude</strong></span> <span class='ocrx_word' id='word_1_184' title='bbox 1265 2099 1399 2184; x_wconf 76' lang='lat' dir='ltr'><strong>dignus!</strong></span> <span class='ocrx_word' id='word_1_185' title='bbox 1444 2101 1530 2166; x_wconf 86' lang='lat' dir='ltr'><strong>Num</strong></span> <span class='ocrx_word' id='word_1_186' title='bbox 1552 2122 1669 2166; x_wconf 85' lang='lat' dir='ltr'><strong>revera</strong></span> <span class='ocrx_word' id='word_1_187' title='bbox 1690 2102 1764 2166; x_wconf 88' lang='lat' dir='ltr'><strong>talis</strong></span> <span class='ocrx_word' id='word_1_188' title='bbox 1786 2103 1894 2186; x_wconf 76' lang='lat' dir='ltr'><strong>luerit,</strong></span> <span class='ocrx_word' id='word_1_189' title='bbox 1922 2105 1995 2188; x_wconf 87' lang='lat' dir='ltr'><strong>quis</strong></span> 
     </span>
     <span class='ocr_line' id='line_1_17' title="bbox 187 2203 1995 2291; baseline 0.001 -23"><span class='ocrx_word' id='word_1_190' title='bbox 187 2204 337 2270; x_wconf 89' lang='lat' dir='ltr'><strong>dubitare</strong></span> <span class='ocrx_word' id='word_1_191' title='bbox 361 2204 518 2270; x_wconf 83' lang='lat' dir='ltr'><strong>audebit?</strong></span> <span class='ocrx_word' id='word_1_192' title='bbox 562 2204 680 2268; x_wconf 88' lang='lat' dir='ltr'><strong>Nonne</strong></span> <span class='ocrx_word' id='word_1_193' title='bbox 701 2207 822 2286; x_wconf 78' lang='grc' dir='ltr'><strong><em>α’ξίωμα</em></strong></span> <span class='ocrx_word' id='word_1_194' title='bbox 845 2212 908 2288; x_wconf 86' lang='lat' dir='ltr'><strong>est,</strong></span> <span class='ocrx_word' id='word_1_195' title='bbox 927 2203 1037 2286; x_wconf 85' lang='lat' dir='ltr'><strong>omnia</strong></span> <span class='ocrx_word' id='word_1_196' title='bbox 1064 2203 1269 2288; x_wconf 87' lang='lat' dir='ltr'><strong>antiquitatis</strong></span> <span class='ocrx_word' id='word_1_197' title='bbox 1297 2211 1330 2267; x_wconf 88' lang='lat' dir='ltr'><strong>et</strong></span> <span class='ocrx_word' id='word_1_198' title='bbox 1358 2224 1497 2288; x_wconf 66' lang='lat' dir='ltr'><strong>gruem</strong></span> <span class='ocrx_word' id='word_1_199' title='bbox 1527 2213 1560 2268; x_wconf 92' lang='lat' dir='ltr'><strong>et</strong></span> <span class='ocrx_word' id='word_1_200' title='bbox 1587 2223 1742 2270; x_wconf 89' lang='lat' dir='ltr'><strong>romanae</strong></span> <span class='ocrx_word' id='word_1_201' title='bbox 1771 2225 1873 2291; x_wconf 89' lang='lat' dir='ltr'><strong>opera</strong></span> <span class='ocrx_word' id='word_1_202' title='bbox 1900 2204 1995 2270; x_wconf 91' lang='lat' dir='ltr'><strong>nobis</strong></span> 
     </span>
     <span class='ocr_line' id='line_1_18' title="bbox 187 2305 1994 2392; baseline 0 -20"><span class='ocrx_word' id='word_1_203' title='bbox 187 2307 308 2372; x_wconf 85' lang='lat' dir='ltr'><strong>tradita</strong></span> <span class='ocrx_word' id='word_1_204' title='bbox 329 2329 425 2392; x_wconf 89' lang='lat' dir='ltr'><strong>quam</strong></span> <span class='ocrx_word' id='word_1_205' title='bbox 448 2307 684 2392; x_wconf 83' lang='lat' dir='ltr'><strong>perfectissima</strong></span> <span class='ocrx_word' id='word_1_206' title='bbox 705 2329 777 2372; x_wconf 87' lang='lat' dir='ltr'><strong>esse</strong></span> <span class='ocrx_word' id='word_1_207' title='bbox 797 2305 852 2372; x_wconf 81' lang='lat' dir='ltr'><strong>vel</strong></span> <span class='ocrx_word' id='word_1_208' title='bbox 873 2343 917 2354; x_wconf 90' lang='lat'>—</span> <span class='ocrx_word' id='word_1_209' title='bbox 939 2307 968 2370; x_wconf 91' lang='lat' dir='ltr'><strong>si</strong></span> <span class='ocrx_word' id='word_1_210' title='bbox 990 2308 1096 2370; x_wconf 89' lang='lat' dir='ltr'><strong>minus</strong></span> <span class='ocrx_word' id='word_1_211' title='bbox 1117 2326 1207 2370; x_wconf 90' lang='lat' dir='ltr'><strong>nunc</strong></span> <span class='ocrx_word' id='word_1_212' title='bbox 1227 2307 1294 2370; x_wconf 88' lang='lat' dir='ltr'><strong>sint</strong></span> <span class='ocrx_word' id='word_1_213' title='bbox 1317 2341 1356 2354; x_wconf 91' lang='lat'>-</span> <span class='ocrx_word' id='word_1_214' title='bbox 1379 2305 1488 2389; x_wconf 83' lang='lat' dir='ltr'><strong>fuisse,</strong></span> <span class='ocrx_word' id='word_1_215' title='bbox 1518 2306 1691 2392; x_wconf 88' lang='lat' dir='ltr'><strong>denuoque</strong></span> <span class='ocrx_word' id='word_1_216' title='bbox 1716 2309 1765 2372; x_wconf 91' lang='lat' dir='ltr'><strong>eis</strong></span> <span class='ocrx_word' id='word_1_217' title='bbox 1792 2307 1994 2372; x_wconf 90' lang='lat' dir='ltr'><strong>reddendam</strong></span> 
     </span>
     <span class='ocr_line' id='line_1_19' title="bbox 188 2407 1994 2497; baseline -0.001 -21"><span class='ocrx_word' id='word_1_218' title='bbox 188 2433 260 2476; x_wconf 88' lang='lat' dir='ltr'><strong>esse</strong></span> <span class='ocrx_word' id='word_1_219' title='bbox 282 2413 418 2474; x_wconf 87' lang='lat' dir='ltr'><strong>formam</strong></span> <span class='ocrx_word' id='word_1_220' title='bbox 440 2431 553 2474; x_wconf 86' lang='lat' dir='ltr'><strong>veram</strong></span> <span class='ocrx_word' id='word_1_221' title='bbox 576 2421 674 2495; x_wconf 91' lang='lat' dir='ltr'><strong>atque</strong></span> <span class='ocrx_word' id='word_1_222' title='bbox 696 2410 874 2495; x_wconf 86' lang='lat' dir='ltr'><strong>perlectam</strong></span> <span class='ocrx_word' id='word_1_223' title='bbox 903 2418 1085 2493; x_wconf 90' lang='lat' dir='ltr'><strong>temporum</strong></span> <span class='ocrx_word' id='word_1_224' title='bbox 1113 2408 1253 2473; x_wconf 90' lang='lat' dir='ltr'><strong>decursu</strong></span> <span class='ocrx_word' id='word_1_225' title='bbox 1282 2407 1337 2473; x_wconf 85' lang='lat' dir='ltr'><strong>vel</strong></span> <span class='ocrx_word' id='word_1_226' title='bbox 1362 2407 1580 2474; x_wconf 88' lang='lat' dir='ltr'><strong>oblitteratam</strong></span> <span class='ocrx_word' id='word_1_227' title='bbox 1608 2408 1661 2475; x_wconf 86' lang='lat' dir='ltr'><strong>vel</strong></span> <span class='ocrx_word' id='word_1_228' title='bbox 1696 2409 1923 2497; x_wconf 81' lang='lat' dir='ltr'><strong>inquinatam?</strong></span> <span class='ocrx_word' id='word_1_229' title='bbox 1954 2449 1994 2460; x_wconf 95' lang='lat'><em>-</em></span> 
     </span>
     <span class='ocr_line' id='line_1_20' title="bbox 187 2510 1995 2601; baseline 0.002 -24"><span class='ocrx_word' id='word_1_230' title='bbox 187 2513 261 2578; x_wconf 82' lang='lat' dir='ltr'><strong>Tali</strong></span> <span class='ocrx_word' id='word_1_231' title='bbox 282 2513 380 2576; x_wconf 93' lang='lat' dir='ltr'><strong>modo</strong></span> <span class='ocrx_word' id='word_1_232' title='bbox 403 2511 575 2576; x_wconf 87' lang='lat' dir='ltr'><strong>Horatium</strong></span> <span class='ocrx_word' id='word_1_233' title='bbox 597 2510 742 2597; x_wconf 87' lang='lat' dir='ltr'><strong>aliosque</strong></span> <span class='ocrx_word' id='word_1_234' title='bbox 764 2519 878 2598; x_wconf 89' lang='lat' dir='ltr'><strong>poetas</strong></span> <span class='ocrx_word' id='word_1_235' title='bbox 900 2511 1018 2576; x_wconf 83' lang='lat' dir='ltr'><strong>latinos</strong></span> <span class='ocrx_word' id='word_1_236' title='bbox 1041 2514 1194 2577; x_wconf 88' lang='lat' dir='ltr'><strong>tractavit</strong></span> <span class='ocrx_word' id='word_1_237' title='bbox 1214 2521 1247 2576; x_wconf 94' lang='lat' dir='ltr'><strong>et</strong></span> <span class='ocrx_word' id='word_1_238' title='bbox 1268 2513 1402 2576; x_wconf 85' lang='lat' dir='ltr'><strong>vexavit</strong></span> <span class='ocrx_word' id='word_1_239' title='bbox 1425 2514 1570 2600; x_wconf 85' lang='lat' dir='ltr'><strong>Gruppe,</strong></span> <span class='ocrx_word' id='word_1_240' title='bbox 1593 2514 1675 2578; x_wconf 88' lang='lat' dir='ltr'><strong>alios</strong></span> <span class='ocrx_word' id='word_1_241' title='bbox 1697 2513 1799 2595; x_wconf 71' lang='lat' dir='ltr'><strong>alii3).</strong></span> <span class='ocrx_word' id='word_1_242' title='bbox 1823 2553 1863 2564; x_wconf 93' lang='lat'><em>-</em></span> <span class='ocrx_word' id='word_1_243' title='bbox 1886 2516 1995 2601; x_wconf 89' lang='lat' dir='ltr'><strong>Atque</strong></span> 
     </span>
     <span class='ocr_line' id='line_1_21' title="bbox 188 2614 1996 2702; baseline 0.003 -22"><span class='ocrx_word' id='word_1_244' title='bbox 188 2616 285 2701; x_wconf 89' lang='lat' dir='ltr'><strong>piane</strong></span> <span class='ocrx_word' id='word_1_245' title='bbox 308 2614 422 2680; x_wconf 90' lang='lat' dir='ltr'><strong>eadem</strong></span> <span class='ocrx_word' id='word_1_246' title='bbox 445 2625 494 2679; x_wconf 89' lang='lat' dir='ltr'><strong>est</strong></span> <span class='ocrx_word' id='word_1_247' title='bbox 516 2619 599 2679; x_wconf 89' lang='lat' dir='ltr'><strong>ratio</strong></span> <span class='ocrx_word' id='word_1_248' title='bbox 622 2637 718 2701; x_wconf 91' lang='lat' dir='ltr'><strong>quam</strong></span> <span class='ocrx_word' id='word_1_249' title='bbox 742 2615 927 2702; x_wconf 77' lang='lat' dir='ltr'><strong>Cyprianus</strong></span> <span class='ocrx_word' id='word_1_250' title='bbox 956 2622 989 2680; x_wconf 90' lang='lat' dir='ltr'><strong>et</strong></span> <span class='ocrx_word' id='word_1_251' title='bbox 1019 2615 1156 2680; x_wconf 85' lang='lat' dir='ltr'><strong>Grosser</strong></span> <span class='ocrx_word' id='word_1_252' title='bbox 1188 2623 1375 2702; x_wconf 84' lang='lat' dir='ltr'><strong>sequuntur.</strong></span> <span class='ocrx_word' id='word_1_253' title='bbox 1427 2617 1576 2683; x_wconf 76' lang='grc' dir='ltr'><strong><em>δσοαιαοι</em></strong></span> <span class='ocrx_word' id='word_1_254' title='bbox 1609 2618 1860 2702; x_wconf 89' lang='lat' dir='ltr'><strong>Xenophontem</strong></span> <span class='ocrx_word' id='word_1_255' title='bbox 1895 2619 1996 2685; x_wconf 87' lang='lat' dir='ltr'><strong>fuisse</strong></span> 
     </span>
     <span class='ocr_line' id='line_1_22' title="bbox 188 2717 1996 2808; baseline 0.002 -24"><span class='ocrx_word' id='word_1_256' title='bbox 188 2720 378 2804; x_wconf 87' lang='lat' dir='ltr'><strong>scriptorem</strong></span> <span class='ocrx_word' id='word_1_257' title='bbox 401 2719 682 2803; x_wconf 83' lang='lat' dir='ltr'><strong>perfectissimum,</strong></span> <span class='ocrx_word' id='word_1_258' title='bbox 705 2717 874 2804; x_wconf 89' lang='lat' dir='ltr'><strong>aequalem</strong></span> <span class='ocrx_word' id='word_1_259' title='bbox 896 2717 1083 2804; x_wconf 85' lang='lat' dir='ltr'><strong>Thucydidi</strong></span> <span class='ocrx_word' id='word_1_260' title='bbox 1113 2728 1147 2783; x_wconf 92' lang='lat' dir='ltr'><strong>et</strong></span> <span class='ocrx_word' id='word_1_261' title='bbox 1168 2717 1345 2802; x_wconf 88' lang='lat' dir='ltr'><strong>Herodoto,</strong></span> <span class='ocrx_word' id='word_1_262' title='bbox 1379 2719 1431 2784; x_wconf 86' lang='lat' dir='ltr'><strong>vel</strong></span> <span class='ocrx_word' id='word_1_263' title='bbox 1461 2723 1661 2807; x_wconf 87' lang='lat' dir='ltr'><strong>superiorem</strong></span> <span class='ocrx_word' id='word_1_264' title='bbox 1700 2724 1881 2808; x_wconf 86' lang='lat' dir='ltr'><strong>utrique⁴)‚</strong></span> <span class='ocrx_word' id='word_1_265' title='bbox 1913 2723 1996 2787; x_wconf 83' lang='grc' dir='ltr'><strong><em>ιἰιυι-</em></strong></span> 
     </span>
     <span class='ocr_line' id='line_1_23' title="bbox 189 2818 1997 2911; baseline 0.002 -25"><span class='ocrx_word' id='word_1_266' title='bbox 189 2823 280 2886; x_wconf 79' lang='grc' dir='ltr'><strong><em>αιύιισ</em></strong></span> <span class='ocrx_word' id='word_1_267' title='bbox 300 2843 379 2886; x_wconf 84' lang='lat' dir='ltr'><strong>vero</strong></span> <span class='ocrx_word' id='word_1_268' title='bbox 402 2818 574 2886; x_wconf 89' lang='lat' dir='ltr'><strong>Hellenica</strong></span> <span class='ocrx_word' id='word_1_269' title='bbox 596 2821 692 2885; x_wconf 90' lang='lat' dir='ltr'><strong>nobis</strong></span> <span class='ocrx_word' id='word_1_270' title='bbox 715 2821 835 2885; x_wconf 74' lang='lat' dir='ltr'><strong>hadita</strong></span> <span class='ocrx_word' id='word_1_271' title='bbox 857 2819 933 2885; x_wconf 91' lang='lat' dir='ltr'><strong>huic</strong></span> <span class='ocrx_word' id='word_1_272' title='bbox 955 2820 1135 2886; x_wconf 85' lang='lat' dir='ltr'><strong>sententiae</strong></span> <span class='ocrx_word' id='word_1_273' title='bbox 1158 2843 1353 2908; x_wconf 87' lang='lat' dir='ltr'><strong>repugnare,</strong></span> <span class='ocrx_word' id='word_1_274' title='bbox 1375 2843 1482 2908; x_wconf 90' lang='lat' dir='ltr'><strong>neque</strong></span> <span class='ocrx_word' id='word_1_275' title='bbox 1504 2825 1583 2888; x_wconf 89' lang='lat' dir='ltr'><strong>satis</strong></span> <span class='ocrx_word' id='word_1_276' title='bbox 1606 2834 1683 2911; x_wconf 90' lang='lat' dir='ltr'><strong>apta</strong></span> <span class='ocrx_word' id='word_1_277' title='bbox 1709 2824 1816 2890; x_wconf 84' lang='lat' dir='ltr'><strong>videri</strong></span> <span class='ocrx_word' id='word_1_278' title='bbox 1845 2827 1997 2911; x_wconf 87' lang='lat' dir='ltr'><strong>scriptori</strong></span> 
     </span>
     <span class='ocr_line' id='line_1_24' title="bbox 188 2922 1997 3014; baseline 0.002 -26"><span class='ocrx_word' id='word_1_279' title='bbox 188 2947 268 2990; x_wconf 86' lang='lat' dir='ltr'><strong>vere</strong></span> <span class='ocrx_word' id='word_1_280' title='bbox 290 2926 461 3012; x_wconf 68' lang='lat' dir='ltr'><strong>perfector</strong></span> <span class='ocrx_word' id='word_1_281' title='bbox 476 2946 517 2988; x_wconf 89' lang='lat' dir='ltr'><strong>en</strong></span> <span class='ocrx_word' id='word_1_282' title='bbox 539 2926 672 2990; x_wconf 80' lang='lat' dir='ltr'><strong>axioma</strong></span> <span class='ocrx_word' id='word_1_283' title='bbox 692 2932 887 3010; x_wconf 85' lang='lat' dir='ltr'><strong>proponunt,</strong></span> <span class='ocrx_word' id='word_1_284' title='bbox 911 2925 1023 3009; x_wconf 89' lang='lat' dir='ltr'><strong>spuria</strong></span> <span class='ocrx_word' id='word_1_285' title='bbox 1045 2945 1116 2988; x_wconf 85' lang='lat' dir='ltr'><strong>esse</strong></span> <span class='ocrx_word' id='word_1_286' title='bbox 1139 2922 1322 3003; x_wconf 76' lang='lat' dir='ltr'><strong>Hellenica,</strong></span> <span class='ocrx_word' id='word_1_287' title='bbox 1358 2946 1422 2989; x_wconf 94' lang='lat' dir='ltr'><strong>non</strong></span> <span class='ocrx_word' id='word_1_288' title='bbox 1446 2927 1613 3012; x_wconf 87' lang='lat' dir='ltr'><strong>exipsius</strong></span> <span class='ocrx_word' id='word_1_289' title='bbox 1641 2927 1869 3014; x_wconf 86' lang='lat' dir='ltr'><strong>Xenophontis</strong></span> <span class='ocrx_word' id='word_1_290' title='bbox 1898 2933 1997 2992; x_wconf 89' lang='lat' dir='ltr'><strong>mani·</strong></span> 
     </span>
     <span class='ocr_line' id='line_1_25' title="bbox 189 3025 1997 3117; baseline 0.002 -25"><span class='ocrx_word' id='word_1_291' title='bbox 189 3028 251 3092; x_wconf 88' lang='lat' dir='ltr'><strong>bus</strong></span> <span class='ocrx_word' id='word_1_292' title='bbox 272 3027 427 3113; x_wconf 87' lang='lat' dir='ltr'><strong>profecta,</strong></span> <span class='ocrx_word' id='word_1_293' title='bbox 450 3026 510 3092; x_wconf 90' lang='lat' dir='ltr'><strong>sed</strong></span> <span class='ocrx_word' id='word_1_294' title='bbox 531 3026 651 3090; x_wconf 89' lang='lat' dir='ltr'><strong>rudera</strong></span> <span class='ocrx_word' id='word_1_295' title='bbox 672 3035 799 3090; x_wconf 91' lang='lat' dir='ltr'><strong>tantum</strong></span> <span class='ocrx_word' id='word_1_296' title='bbox 822 3037 855 3091; x_wconf 91' lang='lat' dir='ltr'><strong>et</strong></span> <span class='ocrx_word' id='word_1_297' title='bbox 877 3025 1032 3112; x_wconf 88' lang='lat' dir='ltr'><strong>reliquias</strong></span> <span class='ocrx_word' id='word_1_298' title='bbox 1056 3026 1163 3117; x_wconf 89' lang='lat' dir='ltr'><strong>operis</strong></span> <span class='ocrx_word' id='word_1_299' title='bbox 1187 3029 1259 3091; x_wconf 90' lang='lat' dir='ltr'><strong>veri</strong></span> <span class='ocrx_word' id='word_1_300' title='bbox 1281 3035 1314 3092; x_wconf 89' lang='lat' dir='ltr'><strong>et</strong></span> <span class='ocrx_word' id='word_1_301' title='bbox 1335 3029 1480 3093; x_wconf 83' lang='lat' dir='ltr'><strong>maximi.</strong></span> <span class='ocrx_word' id='word_1_302' title='bbox 1526 3031 1635 3116; x_wconf 89' lang='lat' dir='ltr'><strong>Atque</strong></span> <span class='ocrx_word' id='word_1_303' title='bbox 1664 3031 1735 3096; x_wconf 83' lang='lat' dir='ltr'><strong>fore</strong></span> <span class='ocrx_word' id='word_1_304' title='bbox 1764 3051 1831 3096; x_wconf 93' lang='lat' dir='ltr'><strong>non</strong></span> <span class='ocrx_word' id='word_1_305' title='bbox 1862 3053 1997 3098; x_wconf 88' lang='lat' dir='ltr'><strong>necesse</strong></span> 
     </span>
     <span class='ocr_line' id='line_1_26' title="bbox 190 3129 1998 3220; baseline 0.003 -26"><span class='ocrx_word' id='word_1_306' title='bbox 190 3139 304 3216; x_wconf 88' lang='lat' dir='ltr'><strong>putant</strong></span> <span class='ocrx_word' id='word_1_307' title='bbox 325 3129 482 3216; x_wconf 88' lang='lat' dir='ltr'><strong>probetur</strong></span> <span class='ocrx_word' id='word_1_308' title='bbox 503 3129 585 3193; x_wconf 91' lang='lat' dir='ltr'><strong>haec</strong></span> <span class='ocrx_word' id='word_1_309' title='bbox 607 3131 778 3206; x_wconf 90' lang='lat' dir='ltr'><strong>sententia,</strong></span> <span class='ocrx_word' id='word_1_310' title='bbox 802 3137 942 3215; x_wconf 90' lang='lat' dir='ltr'><strong>poscunt</strong></span> <span class='ocrx_word' id='word_1_311' title='bbox 962 3129 1071 3214; x_wconf 89' lang='lat' dir='ltr'><strong>potius</strong></span> <span class='ocrx_word' id='word_1_312' title='bbox 1093 3137 1129 3192; x_wconf 94' lang='lat' dir='ltr'><strong>ut</strong></span> <span class='ocrx_word' id='word_1_313' title='bbox 1152 3149 1265 3193; x_wconf 90' lang='lat' dir='ltr'><strong>omnes</strong></span> <span class='ocrx_word' id='word_1_314' title='bbox 1288 3138 1411 3195; x_wconf 84' lang='lat' dir='ltr'><strong>temere</strong></span> <span class='ocrx_word' id='word_1_315' title='bbox 1443 3153 1514 3197; x_wconf 89' lang='lat' dir='ltr'><strong>eam</strong></span> <span class='ocrx_word' id='word_1_316' title='bbox 1538 3132 1777 3220; x_wconf 87' lang='lat' dir='ltr'><strong>amplectentur</strong></span> <span class='ocrx_word' id='word_1_317' title='bbox 1805 3143 1901 3220; x_wconf 88' lang='lat' dir='ltr'><strong>atque</strong></span> <span class='ocrx_word' id='word_1_318' title='bbox 1931 3135 1998 3199; x_wconf 85' lang='lat' dir='ltr'><strong>lau·</strong></span> 
     </span>
    </p>
   </div>
   <div class='ocr_carea' id='block_1_5' title="bbox 189 3417 2004 5126">
    <p class='ocr_par' dir='ltr' id='par_1_6' title="bbox 348 3417 1051 3490">
     <span class='ocr_line' id='line_1_27' title="bbox 348 3417 1051 3490; baseline -0.001 -16"><span class='ocrx_word' id='word_1_319' title='bbox 348 3422 371 3484; x_wconf 88' lang='lat'><strong>¹)</strong></span> <span class='ocrx_word' id='word_1_320' title='bbox 390 3419 438 3476; x_wconf 83' lang='lat' dir='ltr'><strong>cir.</strong></span> <span class='ocrx_word' id='word_1_321' title='bbox 458 3437 528 3490; x_wconf 89' lang='lat' dir='ltr'><strong>quae</strong></span> <span class='ocrx_word' id='word_1_322' title='bbox 545 3419 629 3488; x_wconf 82' lang='lat' dir='ltr'><strong>fingit</strong></span> <span class='ocrx_word' id='word_1_323' title='bbox 648 3417 728 3487; x_wconf 79' lang='lat' dir='ltr'><strong>Cypr.</strong></span> <span class='ocrx_word' id='word_1_324' title='bbox 747 3417 766 3470; x_wconf 92' lang='lat' dir='ltr'><strong>l.</strong></span> <span class='ocrx_word' id='word_1_325' title='bbox 784 3417 803 3473; x_wconf 93' lang='lat' dir='ltr'><strong>l.</strong></span> <span class='ocrx_word' id='word_1_326' title='bbox 823 3433 887 3488; x_wconf 88' lang='lat' dir='ltr'><strong>pag.</strong></span> <span class='ocrx_word' id='word_1_327' title='bbox 907 3419 1051 3474; x_wconf 79' lang='lat' dir='ltr'><strong>lla-116.</strong></span> 
     </span>
    </p>

    <p class='ocr_par' dir='ltr' id='par_1_7' title="bbox 190 3503 2001 4175">
     <span class='ocr_line' id='line_1_28' title="bbox 347 3503 1998 3578; baseline 0.004 -19"><span class='ocrx_word' id='word_1_328' title='bbox 347 3509 372 3572; x_wconf 80' lang='lat'><strong>²)</strong></span> <span class='ocrx_word' id='word_1_329' title='bbox 392 3521 558 3574; x_wconf 89' lang='lat' dir='ltr'><strong>quamquam</strong></span> <span class='ocrx_word' id='word_1_330' title='bbox 577 3521 634 3558; x_wconf 91' lang='lat' dir='ltr'><strong>non</strong></span> <span class='ocrx_word' id='word_1_331' title='bbox 652 3505 810 3573; x_wconf 82' lang='lat' dir='ltr'><strong>negaverim</strong></span> <span class='ocrx_word' id='word_1_332' title='bbox 834 3503 976 3558; x_wconf 90' lang='lat' dir='ltr'><strong>nonnullis</strong></span> <span class='ocrx_word' id='word_1_333' title='bbox 1001 3503 1077 3568; x_wconf 57' lang='lat' dir='ltr'><strong>locis,</strong></span> <span class='ocrx_word' id='word_1_334' title='bbox 1093 3505 1206 3558; x_wconf 87' lang='lat' dir='ltr'><strong>lacunas</strong></span> <span class='ocrx_word' id='word_1_335' title='bbox 1232 3511 1309 3560; x_wconf 91' lang='lat' dir='ltr'><strong>recte</strong></span> <span class='ocrx_word' id='word_1_336' title='bbox 1341 3504 1466 3561; x_wconf 89' lang='lat' dir='ltr'><strong>detectas</strong></span> <span class='ocrx_word' id='word_1_337' title='bbox 1494 3523 1555 3562; x_wconf 89' lang='lat' dir='ltr'><strong>esse</strong></span> <span class='ocrx_word' id='word_1_338' title='bbox 1591 3525 1607 3560; x_wconf 94' lang='lat' dir='ltr'><strong>a</strong></span> <span class='ocrx_word' id='word_1_339' title='bbox 1633 3507 1772 3578; x_wconf 78' lang='lat' dir='ltr'><strong>cypriano</strong></span> <span class='ocrx_word' id='word_1_340' title='bbox 1807 3513 1836 3563; x_wconf 88' lang='lat' dir='ltr'><strong>ct</strong></span> <span class='ocrx_word' id='word_1_341' title='bbox 1862 3508 1998 3565; x_wconf 88' lang='lat' dir='ltr'><strong>Grossero</strong></span> 
     </span>
     <span class='ocr_line' id='line_1_29' title="bbox 191 3589 1998 3664; baseline 0.001 -18"><span class='ocrx_word' id='word_1_342' title='bbox 191 3593 308 3662; x_wconf 88' lang='lat' dir='ltr'><strong>aliisque</strong></span> <span class='ocrx_word' id='word_1_343' title='bbox 325 3591 394 3646; x_wconf 89' lang='lat' dir='ltr'><strong>locis</strong></span> <span class='ocrx_word' id='word_1_344' title='bbox 409 3593 468 3660; x_wconf 86' lang='lat' dir='ltr'><strong>jam</strong></span> <span class='ocrx_word' id='word_1_345' title='bbox 487 3591 522 3645; x_wconf 87' lang='lat' dir='ltr'><strong>ab</strong></span> <span class='ocrx_word' id='word_1_346' title='bbox 541 3589 603 3645; x_wconf 87' lang='lat' dir='ltr'><strong>aliis</strong></span> <span class='ocrx_word' id='word_1_347' title='bbox 621 3589 781 3644; x_wconf 89' lang='lat' dir='ltr'><strong>hominibus</strong></span> <span class='ocrx_word' id='word_1_348' title='bbox 800 3589 900 3644; x_wconf 90' lang='lat' dir='ltr'><strong>doctis.</strong></span> <span class='ocrx_word' id='word_1_349' title='bbox 936 3589 983 3644; x_wconf 84' lang='lat' dir='ltr'><strong>Sic</strong></span> <span class='ocrx_word' id='word_1_350' title='bbox 1002 3590 1085 3659; x_wconf 82' lang='lat' dir='ltr'><strong>Gypr.</strong></span> <span class='ocrx_word' id='word_1_351' title='bbox 1106 3607 1168 3662; x_wconf 85' lang='lat' dir='ltr'><strong>pag.</strong></span> <span class='ocrx_word' id='word_1_352' title='bbox 1187 3591 1221 3644; x_wconf 77' lang='lat'><strong>54</strong></span> <span class='ocrx_word' id='word_1_353' title='bbox 1238 3596 1316 3646; x_wconf 87' lang='lat' dir='ltr'><strong>recte</strong></span> <span class='ocrx_word' id='word_1_354' title='bbox 1334 3591 1451 3646; x_wconf 87' lang='lat' dir='ltr'><strong>offendit</strong></span> <span class='ocrx_word' id='word_1_355' title='bbox 1468 3594 1497 3647; x_wconf 90' lang='lat' dir='ltr'><strong>in</strong></span> <span class='ocrx_word' id='word_1_356' title='bbox 1514 3593 1527 3648; x_wconf 96' lang='lat' dir='ltr'><strong>l</strong></span> <span class='ocrx_word' id='word_1_357' title='bbox 1547 3597 1570 3660; x_wconf 91' lang='grc'><strong>1,</strong></span> <span class='ocrx_word' id='word_1_358' title='bbox 1588 3595 1620 3648; x_wconf 85' lang='grc'><strong>31</strong></span> <span class='ocrx_word' id='word_1_359' title='bbox 1640 3593 1687 3661; x_wconf 90' lang='lat' dir='ltr'><strong>(ad</strong></span> <span class='ocrx_word' id='word_1_360' title='bbox 1705 3613 1730 3664; x_wconf 91' lang='lat' dir='ltr'><strong>q.</strong></span> <span class='ocrx_word' id='word_1_361' title='bbox 1754 3594 1772 3649; x_wconf 91' lang='lat' dir='ltr'><strong>l.</strong></span> <span class='ocrx_word' id='word_1_362' title='bbox 1797 3593 1848 3650; x_wconf 83' lang='lat' dir='ltr'><strong>cir.</strong></span> <span class='ocrx_word' id='word_1_363' title='bbox 1872 3595 1998 3650; x_wconf 87' lang='lat' dir='ltr'><strong>Breiten-</strong></span> 
     </span>
     <span class='ocr_line' id='line_1_30' title="bbox 190 3675 1998 3751; baseline 0.001 -19"><span class='ocrx_word' id='word_1_364' title='bbox 190 3677 286 3732; x_wconf 86' lang='lat' dir='ltr'><strong>bachii</strong></span> <span class='ocrx_word' id='word_1_365' title='bbox 301 3686 389 3746; x_wconf 86' lang='lat' dir='ltr'><strong>ann.);</strong></span> <span class='ocrx_word' id='word_1_366' title='bbox 409 3693 474 3746; x_wconf 88' lang='lat' dir='ltr'><strong>pag.</strong></span> <span class='ocrx_word' id='word_1_367' title='bbox 484 3679 518 3731; x_wconf 80' lang='lat'><strong>57</strong></span> <span class='ocrx_word' id='word_1_368' title='bbox 535 3675 600 3730; x_wconf 90' lang='lat' dir='ltr'><strong>inII</strong></span> <span class='ocrx_word' id='word_1_369' title='bbox 620 3680 642 3744; x_wconf 91' lang='lat'><strong>1,</strong></span> <span class='ocrx_word' id='word_1_370' title='bbox 663 3675 750 3742; x_wconf 65' lang='lat' dir='ltr'><strong>llcfr.</strong></span> <span class='ocrx_word' id='word_1_371' title='bbox 769 3675 1011 3730; x_wconf 76' lang='lat' dir='ltr'><strong>Buechsenschirtz</strong></span> <span class='ocrx_word' id='word_1_372' title='bbox 1032 3677 1069 3730; x_wconf 90' lang='lat' dir='ltr'><strong>ad</strong></span> <span class='ocrx_word' id='word_1_373' title='bbox 1087 3677 1105 3730; x_wconf 91' lang='lat' dir='ltr'><strong>l.</strong></span> <span class='ocrx_word' id='word_1_374' title='bbox 1126 3681 1300 3750; x_wconf 78' lang='grc' dir='ltr'><strong><em>Πανταζίδης</em></strong></span> <span class='ocrx_word' id='word_1_375' title='bbox 1318 3681 1335 3734; x_wconf 87' lang='lat' dir='ltr'><strong>l.</strong></span> <span class='ocrx_word' id='word_1_376' title='bbox 1353 3678 1373 3732; x_wconf 92' lang='lat' dir='ltr'><strong>l.</strong></span> <span class='ocrx_word' id='word_1_377' title='bbox 1391 3696 1455 3750; x_wconf 84' lang='lat' dir='ltr'><strong>pag.</strong></span> <span class='ocrx_word' id='word_1_378' title='bbox 1475 3681 1526 3734; x_wconf 88' lang='grc'><strong>119</strong></span> <span class='ocrx_word' id='word_1_379' title='bbox 1544 3685 1612 3748; x_wconf 84' lang='lat' dir='ltr'><strong>sq.);</strong></span> <span class='ocrx_word' id='word_1_380' title='bbox 1632 3697 1696 3751; x_wconf 84' lang='lat' dir='ltr'><strong>pag.</strong></span> <span class='ocrx_word' id='word_1_381' title='bbox 1714 3681 1747 3736; x_wconf 77' lang='lat'><strong>6³</strong></span> <span class='ocrx_word' id='word_1_382' title='bbox 1766 3681 1795 3735; x_wconf 90' lang='lat' dir='ltr'><strong>in</strong></span> <span class='ocrx_word' id='word_1_383' title='bbox 1812 3680 1889 3750; x_wconf 87' lang='lat'><strong>114,</strong></span> <span class='ocrx_word' id='word_1_384' title='bbox 1907 3683 1941 3734; x_wconf 86' lang='grc'><strong>39</strong></span> <span class='ocrx_word' id='word_1_385' title='bbox 1958 3699 1998 3750; x_wconf 81' lang='lat' dir='ltr'><strong>sq</strong></span> 
     </span>
     <span class='ocr_line' id='line_1_31' title="bbox 192 3758 1999 3835; baseline 0.002 -17"><span class='ocrx_word' id='word_1_386' title='bbox 192 3761 251 3832; x_wconf 89' lang='lat' dir='ltr'><strong>(cir.</strong></span> <span class='ocrx_word' id='word_1_387' title='bbox 270 3765 390 3818; x_wconf 85' lang='lat' dir='ltr'><strong>Grosser</strong></span> <span class='ocrx_word' id='word_1_388' title='bbox 406 3765 449 3831; x_wconf 84' lang='grc'><strong>93,</strong></span> <span class='ocrx_word' id='word_1_389' title='bbox 468 3765 547 3830; x_wconf 70' lang='grc'>731),</span> <span class='ocrx_word' id='word_1_390' title='bbox 572 3778 634 3832; x_wconf 86' lang='lat' dir='ltr'><strong>pag.</strong></span> <span class='ocrx_word' id='word_1_391' title='bbox 654 3763 688 3818; x_wconf 87' lang='grc'><strong>69</strong></span> <span class='ocrx_word' id='word_1_392' title='bbox 706 3763 735 3814; x_wconf 90' lang='lat' dir='ltr'><strong>in</strong></span> <span class='ocrx_word' id='word_1_393' title='bbox 752 3761 794 3816; x_wconf 84' lang='lat'><strong>111</strong></span> <span class='ocrx_word' id='word_1_394' title='bbox 812 3763 837 3828; x_wconf 76' lang='grc' dir='ltr'><strong>Β,</strong></span> <span class='ocrx_word' id='word_1_395' title='bbox 855 3763 872 3816; x_wconf 88' lang='grc'><strong>6</strong></span> <span class='ocrx_word' id='word_1_396' title='bbox 890 3779 931 3830; x_wconf 89' lang='lat' dir='ltr'><strong>sq.</strong></span> <span class='ocrx_word' id='word_1_397' title='bbox 955 3761 1048 3830; x_wconf 86' lang='lat' dir='ltr'><strong>(cujus</strong></span> <span class='ocrx_word' id='word_1_398' title='bbox 1066 3761 1123 3815; x_wconf 91' lang='lat' dir='ltr'><strong>loci</strong></span> <span class='ocrx_word' id='word_1_399' title='bbox 1141 3762 1292 3817; x_wconf 80' lang='lat' dir='ltr'><strong>difficultas</strong></span> <span class='ocrx_word' id='word_1_400' title='bbox 1310 3781 1400 3834; x_wconf 89' lang='lat' dir='ltr'><strong>neque</strong></span> <span class='ocrx_word' id='word_1_401' title='bbox 1418 3781 1434 3818; x_wconf 87' lang='lat' dir='ltr'><strong>a</strong></span> <span class='ocrx_word' id='word_1_402' title='bbox 1452 3758 1668 3820; x_wconf 88' lang='lat' dir='ltr'><strong>Breitenbachio</strong></span> <span class='ocrx_word' id='word_1_403' title='bbox 1694 3782 1785 3835; x_wconf 90' lang='lat' dir='ltr'><strong>neque</strong></span> <span class='ocrx_word' id='word_1_404' title='bbox 1810 3766 1999 3821; x_wconf 88' lang='lat' dir='ltr'><strong>aBuechsen-</strong></span> 
     </span>
     <span class='ocr_line' id='line_1_32' title="bbox 192 3845 1999 3921; baseline 0.002 -17"><span class='ocrx_word' id='word_1_405' title='bbox 192 3851 334 3904; x_wconf 84' lang='lat' dir='ltr'><strong>schnetzio</strong></span> <span class='ocrx_word' id='word_1_406' title='bbox 351 3851 382 3903; x_wconf 92' lang='lat' dir='ltr'><strong>in</strong></span> <span class='ocrx_word' id='word_1_407' title='bbox 400 3848 628 3903; x_wconf 88' lang='lat' dir='ltr'><strong>adnotationibus</strong></span> <span class='ocrx_word' id='word_1_408' title='bbox 647 3847 682 3902; x_wconf 91' lang='lat' dir='ltr'><strong>ad</strong></span> <span class='ocrx_word' id='word_1_409' title='bbox 700 3849 718 3902; x_wconf 92' lang='lat' dir='ltr'><strong>l.</strong></span> <span class='ocrx_word' id='word_1_410' title='bbox 736 3848 828 3902; x_wconf 88' lang='lat' dir='ltr'><strong>soluta</strong></span> <span class='ocrx_word' id='word_1_411' title='bbox 845 3853 896 3914; x_wconf 86' lang='lat' dir='ltr'><strong>est,</strong></span> <span class='ocrx_word' id='word_1_412' title='bbox 914 3865 1005 3915; x_wconf 90' lang='lat' dir='ltr'><strong>neque</strong></span> <span class='ocrx_word' id='word_1_413' title='bbox 1023 3845 1156 3902; x_wconf 89' lang='lat' dir='ltr'><strong>Hertlinii</strong></span> <span class='ocrx_word' id='word_1_414' title='bbox 1176 3851 1345 3918; x_wconf 89' lang='lat' dir='ltr'><strong>conjecturis</strong></span> <span class='ocrx_word' id='word_1_415' title='bbox 1362 3850 1425 3904; x_wconf 92' lang='lat' dir='ltr'><strong>loco</strong></span> <span class='ocrx_word' id='word_1_416' title='bbox 1443 3851 1553 3905; x_wconf 90' lang='lat' dir='ltr'><strong>medela</strong></span> <span class='ocrx_word' id='word_1_417' title='bbox 1570 3852 1656 3905; x_wconf 89' lang='lat' dir='ltr'><strong>allata</strong></span> <span class='ocrx_word' id='word_1_418' title='bbox 1672 3857 1730 3908; x_wconf 90' lang='lat' dir='ltr'><strong>est:</strong></span> <span class='ocrx_word' id='word_1_419' title='bbox 1757 3867 1818 3907; x_wconf 81' lang='lat' dir='ltr'><strong>nov.</strong></span> <span class='ocrx_word' id='word_1_420' title='bbox 1844 3869 1907 3906; x_wconf 89' lang='lat' dir='ltr'><strong>ann.</strong></span> <span class='ocrx_word' id='word_1_421' title='bbox 1932 3851 1999 3921; x_wconf 84' lang='lat' dir='ltr'><strong>phil</strong></span> 
     </span>
     <span class='ocr_line' id='line_1_33' title="bbox 192 3931 1999 4008; baseline 0.001 -18"><span class='ocrx_word' id='word_1_422' title='bbox 192 3939 234 4005; x_wconf 82' lang='grc'><strong>75,</strong></span> <span class='ocrx_word' id='word_1_423' title='bbox 254 3937 320 3990; x_wconf 81' lang='grc'>1857</span> <span class='ocrx_word' id='word_1_424' title='bbox 338 3952 385 4005; x_wconf 79' lang='lat' dir='ltr'><strong>pg.</strong></span> <span class='ocrx_word' id='word_1_425' title='bbox 403 3935 454 3988; x_wconf 76' lang='lat'><strong>708</strong></span> <span class='ocrx_word' id='word_1_426' title='bbox 472 3939 502 3987; x_wconf 91' lang='lat' dir='ltr'><strong>et</strong></span> <span class='ocrx_word' id='word_1_427' title='bbox 517 3933 670 4000; x_wconf 76' lang='lat' dir='ltr'><strong>„Zeitscha</strong></span> <span class='ocrx_word' id='word_1_428' title='bbox 687 3934 731 3987; x_wconf 84' lang='lat' dir='ltr'><strong>fiir</strong></span> <span class='ocrx_word' id='word_1_429' title='bbox 757 3933 899 4002; x_wconf 64' lang='grc' dir='ltr'><strong>(δγιοοτιίι</strong></span> <span class='ocrx_word' id='word_1_430' title='bbox 923 3931 1003 3987; x_wconf 82' lang='lat' dir='ltr'><strong>XVII</strong></span> <span class='ocrx_word' id='word_1_431' title='bbox 1026 3951 1074 4004; x_wconf 80' lang='lat' dir='ltr'><strong>pg.</strong></span> <span class='ocrx_word' id='word_1_432' title='bbox 1098 3934 1148 4002; x_wconf 74' lang='lat'><strong>283</strong></span> <span class='ocrx_word' id='word_1_433' title='bbox 1173 3933 1222 3990; x_wconf 88' lang='lat' dir='ltr'><strong>cfr.</strong></span> <span class='ocrx_word' id='word_1_434' title='bbox 1250 3933 1283 3990; x_wconf 86' lang='lat' dir='ltr'><strong>G.</strong></span> <span class='ocrx_word' id='word_1_435' title='bbox 1309 3935 1420 4004; x_wconf 89' lang='lat' dir='ltr'><strong>Sauppe</strong></span> <span class='ocrx_word' id='word_1_436' title='bbox 1438 3937 1481 3990; x_wconf 92' lang='lat' dir='ltr'><strong>ed.</strong></span> <span class='ocrx_word' id='word_1_437' title='bbox 1505 3935 1629 3991; x_wconf 89' lang='lat' dir='ltr'><strong>Tauchn.</strong></span> <span class='ocrx_word' id='word_1_438' title='bbox 1647 3937 1683 3992; x_wconf 89' lang='lat' dir='ltr'><strong>ad</strong></span> <span class='ocrx_word' id='word_1_439' title='bbox 1712 3937 1758 4004; x_wconf 78' lang='lat'><strong>1.);</strong></span> <span class='ocrx_word' id='word_1_440' title='bbox 1790 3953 1837 4008; x_wconf 82' lang='lat' dir='ltr'><strong>pg.</strong></span> <span class='ocrx_word' id='word_1_441' title='bbox 1864 3939 1899 3991; x_wconf 84' lang='grc'><strong>80</strong></span> <span class='ocrx_word' id='word_1_442' title='bbox 1924 3938 1954 3991; x_wconf 90' lang='lat' dir='ltr'><strong>in</strong></span> <span class='ocrx_word' id='word_1_443' title='bbox 1972 3936 1999 3992; x_wconf 89' lang='lat' dir='ltr'>V</span> 
     </span>
     <span class='ocr_line' id='line_1_34' title="bbox 195 4017 2001 4097; baseline 0.001 -22"><span class='ocrx_word' id='word_1_444' title='bbox 195 4025 218 4084; x_wconf 83' lang='lat'><strong>1,</strong></span> <span class='ocrx_word' id='word_1_445' title='bbox 246 4025 276 4090; x_wconf 90' lang='lat' dir='ltr'><strong>l;</strong></span> <span class='ocrx_word' id='word_1_446' title='bbox 301 4038 349 4091; x_wconf 79' lang='lat' dir='ltr'><strong>pg.</strong></span> <span class='ocrx_word' id='word_1_447' title='bbox 366 4023 399 4075; x_wconf 81' lang='lat'><strong>81</strong></span> <span class='ocrx_word' id='word_1_448' title='bbox 418 4021 448 4076; x_wconf 90' lang='lat' dir='ltr'><strong>in</strong></span> <span class='ocrx_word' id='word_1_449' title='bbox 467 4019 493 4074; x_wconf 93' lang='lat' dir='ltr'>V</span> <span class='ocrx_word' id='word_1_450' title='bbox 513 4023 537 4089; x_wconf 89' lang='lat'><strong>1,</strong></span> <span class='ocrx_word' id='word_1_451' title='bbox 561 4023 596 4073; x_wconf 90' lang='lat'><strong>10</strong></span> <span class='ocrx_word' id='word_1_452' title='bbox 620 4023 673 4074; x_wconf 84' lang='lat' dir='ltr'><strong>eto.</strong></span> <span class='ocrx_word' id='word_1_453' title='bbox 709 4017 765 4072; x_wconf 85' lang='lat' dir='ltr'><strong>Sed</strong></span> <span class='ocrx_word' id='word_1_454' title='bbox 788 4035 851 4072; x_wconf 91' lang='lat' dir='ltr'><strong>oum</strong></span> <span class='ocrx_word' id='word_1_455' title='bbox 869 4019 899 4097; x_wconf 84' lang='lat' dir='ltr'><strong>in</strong></span> <span class='ocrx_word' id='word_1_456' title='bbox 917 4019 1046 4072; x_wconf 89' lang='lat' dir='ltr'><strong>omnibus</strong></span> <span class='ocrx_word' id='word_1_457' title='bbox 1066 4022 1203 4086; x_wconf 87' lang='lat' dir='ltr'><strong>quotquot</strong></span> <span class='ocrx_word' id='word_1_458' title='bbox 1219 4019 1369 4074; x_wconf 88' lang='lat' dir='ltr'><strong>habeamus</strong></span> <span class='ocrx_word' id='word_1_459' title='bbox 1387 4021 1518 4090; x_wconf 87' lang='lat' dir='ltr'><strong>operibus</strong></span> <span class='ocrx_word' id='word_1_460' title='bbox 1544 4023 1659 4076; x_wconf 87' lang='lat' dir='ltr'><strong>lacunae</strong></span> <span class='ocrx_word' id='word_1_461' title='bbox 1684 4027 1714 4077; x_wconf 91' lang='lat' dir='ltr'><strong>et</strong></span> <span class='ocrx_word' id='word_1_462' title='bbox 1736 4023 1866 4078; x_wconf 83' lang='lat' dir='ltr'><strong>inventae</strong></span> <span class='ocrx_word' id='word_1_463' title='bbox 1891 4023 1949 4076; x_wconf 89' lang='lat' dir='ltr'><strong>sint</strong></span> <span class='ocrx_word' id='word_1_464' title='bbox 1972 4027 2001 4076; x_wconf 88' lang='lat' dir='ltr'><strong>et</strong></span> 
     </span>
     <span class='ocr_line' id='line_1_35' title="bbox 192 4103 1541 4175; baseline -0.001 -13"><span class='ocrx_word' id='word_1_465' title='bbox 192 4109 377 4175; x_wconf 86' lang='lat' dir='ltr'><strong>inveniantur,</strong></span> <span class='ocrx_word' id='word_1_466' title='bbox 395 4105 443 4160; x_wconf 90' lang='lat' dir='ltr'><strong>tali</strong></span> <span class='ocrx_word' id='word_1_467' title='bbox 463 4109 629 4175; x_wconf 83' lang='lat' dir='ltr'><strong>argumento</strong></span> <span class='ocrx_word' id='word_1_468' title='bbox 646 4105 760 4173; x_wconf 90' lang='lat' dir='ltr'><strong>probari</strong></span> <span class='ocrx_word' id='word_1_469' title='bbox 778 4105 881 4174; x_wconf 76' lang='lat' dir='ltr'><strong>nequit,</strong></span> <span class='ocrx_word' id='word_1_470' title='bbox 900 4121 968 4172; x_wconf 88' lang='lat' dir='ltr'><strong>opus</strong></span> <span class='ocrx_word' id='word_1_471' title='bbox 987 4103 1100 4173; x_wconf 90' lang='lat' dir='ltr'><strong>aliquod</strong></span> <span class='ocrx_word' id='word_1_472' title='bbox 1117 4106 1147 4158; x_wconf 88' lang='lat' dir='ltr'><strong>in</strong></span> <span class='ocrx_word' id='word_1_473' title='bbox 1165 4105 1306 4174; x_wconf 89' lang='lat' dir='ltr'><strong>epitomen</strong></span> <span class='ocrx_word' id='word_1_474' title='bbox 1324 4123 1385 4160; x_wconf 89' lang='lat' dir='ltr'><strong>esse</strong></span> <span class='ocrx_word' id='word_1_475' title='bbox 1404 4111 1541 4161; x_wconf 84' lang='lat' dir='ltr'><strong>coactum</strong></span> 
     </span>
    </p>

    <p class='ocr_par' dir='ltr' id='par_1_8' title="bbox 193 4188 2001 4434">
     <span class='ocr_line' id='line_1_36' title="bbox 350 4188 2001 4262; baseline 0.001 -16"><span class='ocrx_word' id='word_1_476' title='bbox 350 4193 373 4260; x_wconf 73' lang='lat'><strong>³)</strong></span> <span class='ocrx_word' id='word_1_477' title='bbox 392 4191 528 4246; x_wconf 84' lang='lat' dir='ltr'><strong>Similiter</strong></span> <span class='ocrx_word' id='word_1_478' title='bbox 545 4191 629 4244; x_wconf 89' lang='lat' dir='ltr'><strong>etiam</strong></span> <span class='ocrx_word' id='word_1_479' title='bbox 647 4194 784 4244; x_wconf 88' lang='lat' dir='ltr'><strong>nostrates</strong></span> <span class='ocrx_word' id='word_1_480' title='bbox 802 4193 903 4260; x_wconf 89' lang='lat' dir='ltr'><strong>poetae</strong></span> <span class='ocrx_word' id='word_1_481' title='bbox 920 4188 1075 4245; x_wconf 89' lang='lat' dir='ltr'><strong>violantur:</strong></span> <span class='ocrx_word' id='word_1_482' title='bbox 1096 4207 1131 4244; x_wconf 91' lang='lat' dir='ltr'><strong>ne</strong></span> <span class='ocrx_word' id='word_1_483' title='bbox 1152 4189 1228 4247; x_wconf 84' lang='lat' dir='ltr'><strong>Frid.</strong></span> <span class='ocrx_word' id='word_1_484' title='bbox 1247 4191 1400 4245; x_wconf 87' lang='lat' dir='ltr'><strong>Sohillerus</strong></span> <span class='ocrx_word' id='word_1_485' title='bbox 1417 4190 1528 4261; x_wconf 89' lang='lat' dir='ltr'><strong>quidem</strong></span> <span class='ocrx_word' id='word_1_486' title='bbox 1547 4193 1667 4248; x_wconf 87' lang='lat' dir='ltr'><strong>intactus</strong></span> <span class='ocrx_word' id='word_1_487' title='bbox 1686 4197 1795 4262; x_wconf 85' lang='lat' dir='ltr'><strong>manet,</strong></span> <span class='ocrx_word' id='word_1_488' title='bbox 1813 4193 1897 4248; x_wconf 88' lang='lat' dir='ltr'><strong>etiam</strong></span> <span class='ocrx_word' id='word_1_489' title='bbox 1921 4195 2001 4248; x_wconf 88' lang='lat' dir='ltr'><strong>illum</strong></span> 
     </span>
     <span class='ocr_line' id='line_1_37' title="bbox 193 4274 2001 4358; baseline 0.003 -25"><span class='ocrx_word' id='word_1_490' title='bbox 193 4277 361 4358; x_wconf 69' lang='lat' dir='ltr'><strong>conjectnpia</strong></span> <span class='ocrx_word' id='word_1_491' title='bbox 378 4274 536 4332; x_wconf 83' lang='lat' dir='ltr'><strong>vexandum</strong></span> <span class='ocrx_word' id='word_1_492' title='bbox 554 4291 616 4329; x_wconf 87' lang='lat' dir='ltr'><strong>esse</strong></span> <span class='ocrx_word' id='word_1_493' title='bbox 633 4277 687 4329; x_wconf 85' lang='lat' dir='ltr'><strong>viri</strong></span> <span class='ocrx_word' id='word_1_494' title='bbox 705 4275 817 4344; x_wconf 88' lang='lat' dir='ltr'><strong>quidam</strong></span> <span class='ocrx_word' id='word_1_495' title='bbox 835 4275 912 4329; x_wconf 90' lang='lat' dir='ltr'><strong>docti</strong></span> <span class='ocrx_word' id='word_1_496' title='bbox 929 4279 1048 4346; x_wconf 73' lang='lat' dir='ltr'><strong>putant,</strong></span> <span class='ocrx_word' id='word_1_497' title='bbox 1067 4275 1125 4342; x_wconf 79' lang='lat' dir='ltr'><strong>cfr,</strong></span> <span class='ocrx_word' id='word_1_498' title='bbox 1143 4293 1178 4329; x_wconf 87' lang='lat' dir='ltr'><strong>ne</strong></span> <span class='ocrx_word' id='word_1_499' title='bbox 1195 4276 1276 4344; x_wconf 83' lang='lat' dir='ltr'><strong>plura</strong></span> <span class='ocrx_word' id='word_1_500' title='bbox 1294 4275 1416 4346; x_wconf 77' lang='lat' dir='ltr'><strong>afferam,</strong></span> <span class='ocrx_word' id='word_1_501' title='bbox 1434 4293 1504 4346; x_wconf 87' lang='lat' dir='ltr'><strong>quae</strong></span> <span class='ocrx_word' id='word_1_502' title='bbox 1522 4276 1555 4334; x_wconf 74' lang='lat' dir='ltr'><strong>R.</strong></span> <span class='ocrx_word' id='word_1_503' title='bbox 1572 4278 1673 4348; x_wconf 87' lang='lat' dir='ltr'><strong>Peiper</strong></span> <span class='ocrx_word' id='word_1_504' title='bbox 1690 4277 1823 4348; x_wconf 82' lang='lat' dir='ltr'><strong>disputat,</strong></span> <span class='ocrx_word' id='word_1_505' title='bbox 1848 4297 1911 4336; x_wconf 86' lang='lat' dir='ltr'><strong>nov.</strong></span> <span class='ocrx_word' id='word_1_506' title='bbox 1937 4296 2001 4339; x_wconf 88' lang='lat' dir='ltr'><strong>anu.</strong></span> 
     </span>
     <span class='ocr_line' id='line_1_38' title="bbox 193 4359 834 4434; baseline 0 -18"><span class='ocrx_word' id='word_1_507' title='bbox 193 4363 260 4434; x_wconf 92' lang='lat' dir='ltr'><strong>phil.</strong></span> <span class='ocrx_word' id='word_1_508' title='bbox 279 4367 309 4418; x_wconf 90' lang='lat' dir='ltr'><strong>et</strong></span> <span class='ocrx_word' id='word_1_509' title='bbox 325 4361 406 4432; x_wconf 87' lang='lat' dir='ltr'><strong>paed.</strong></span> <span class='ocrx_word' id='word_1_510' title='bbox 425 4363 477 4426; x_wconf 84' lang='lat' dir='ltr'><strong>(ed.</strong></span> <span class='ocrx_word' id='word_1_511' title='bbox 495 4359 611 4428; x_wconf 82' lang='lat' dir='ltr'><strong>Masius)</strong></span> <span class='ocrx_word' id='word_1_512' title='bbox 632 4363 689 4428; x_wconf 88' lang='lat'><strong>101,</strong></span> <span class='ocrx_word' id='word_1_513' title='bbox 706 4377 753 4431; x_wconf 83' lang='lat' dir='ltr'><strong>pg.</strong></span> <span class='ocrx_word' id='word_1_514' title='bbox 775 4363 834 4416; x_wconf 85' lang='lat'><strong>160.</strong></span> 
     </span>
    </p>

    <p class='ocr_par' dir='ltr' id='par_1_9' title="bbox 189 4445 2004 5126">
     <span class='ocr_line' id='line_1_39' title="bbox 351 4445 2002 4522; baseline 0.002 -19"><span class='ocrx_word' id='word_1_515' title='bbox 351 4453 376 4516; x_wconf 65' lang='grc' dir='ltr'><strong>ί)</strong></span> <span class='ocrx_word' id='word_1_516' title='bbox 395 4449 443 4504; x_wconf 88' lang='lat' dir='ltr'><strong>cir.</strong></span> <span class='ocrx_word' id='word_1_517' title='bbox 462 4448 630 4518; x_wconf 73' lang='lat' dir='ltr'><strong>cyprianum</strong></span> <span class='ocrx_word' id='word_1_518' title='bbox 650 4449 714 4503; x_wconf 79' lang='lat'>135:</span> <span class='ocrx_word' id='word_1_519' title='bbox 733 4447 804 4502; x_wconf 82' lang='grc' dir='ltr'><strong><em>κατὰ</em></strong></span> <span class='ocrx_word' id='word_1_520' title='bbox 823 4453 912 4503; x_wconf 80' lang='grc' dir='ltr'><strong><em>ταῦτα</em></strong></span> <span class='ocrx_word' id='word_1_521' title='bbox 929 4447 1060 4518; x_wconf 87' lang='grc' dir='ltr'><strong><em>φαίνεται</em></strong></span> <span class='ocrx_word' id='word_1_522' title='bbox 1077 4449 1184 4503; x_wconf 89' lang='grc' dir='ltr'><strong><em>δίκαιον</em></strong></span> <span class='ocrx_word' id='word_1_523' title='bbox 1201 4445 1216 4502; x_wconf 91' lang='grc' dir='ltr'><strong><em>δ</em></strong></span> <span class='ocrx_word' id='word_1_524' title='bbox 1236 4449 1411 4520; x_wconf 77' lang='grc' dir='ltr'><em>δυστυχήσας</em></span> <span class='ocrx_word' id='word_1_525' title='bbox 1430 4453 1564 4519; x_wconf 71' lang='grc' dir='ltr'><strong><em>Ξενοφῶν</em></strong></span> <span class='ocrx_word' id='word_1_526' title='bbox 1587 4449 1624 4506; x_wconf 80' lang='grc' dir='ltr'><strong>νά</strong></span> <span class='ocrx_word' id='word_1_527' title='bbox 1649 4448 1721 4522; x_wconf 81' lang='grc' dir='ltr'><strong><em>λάβῃ</em></strong></span> <span class='ocrx_word' id='word_1_528' title='bbox 1745 4449 1791 4505; x_wconf 88' lang='grc' dir='ltr'><strong><em>καί</em></strong></span> <span class='ocrx_word' id='word_1_529' title='bbox 1816 4448 1845 4506; x_wconf 82' lang='grc' dir='ltr'><strong>ἐν</strong></span> <span class='ocrx_word' id='word_1_530' title='bbox 1868 4457 1927 4514; x_wconf 79' lang='grc' dir='ltr'><strong><em>τοῖς</em></strong></span> <span class='ocrx_word' id='word_1_531' title='bbox 1950 4455 2002 4506; x_wconf 78' lang='grc' dir='ltr'><strong>νῦν</strong></span> 
     </span>
     <span class='ocr_line' id='line_1_40' title="bbox 193 4532 2003 4609; baseline -0.002 -15"><span class='ocrx_word' id='word_1_532' title='bbox 193 4537 303 4608; x_wconf 73' lang='grc' dir='ltr'><strong><em>χρόνοις</em></strong></span> <span class='ocrx_word' id='word_1_533' title='bbox 326 4536 377 4592; x_wconf 86' lang='grc' dir='ltr'><strong>τὸν</strong></span> <span class='ocrx_word' id='word_1_534' title='bbox 398 4535 574 4605; x_wconf 86' lang='grc' dir='ltr'><strong><em>προσήκοντα</em></strong></span> <span class='ocrx_word' id='word_1_535' title='bbox 598 4533 699 4589; x_wconf 86' lang='grc' dir='ltr'><strong><em>τόπον·</em></strong></span> <span class='ocrx_word' id='word_1_536' title='bbox 717 4533 733 4589; x_wconf 89' lang='grc' dir='ltr'><strong><em>δ</em></strong></span> <span class='ocrx_word' id='word_1_537' title='bbox 752 4533 837 4596; x_wconf 82' lang='grc' dir='ltr'><strong><em>τόπος</em></strong></span> <span class='ocrx_word' id='word_1_538' title='bbox 854 4553 904 4588; x_wconf 90' lang='grc' dir='ltr'><strong>του</strong></span> <span class='ocrx_word' id='word_1_539' title='bbox 921 4533 991 4589; x_wconf 87' lang='grc' dir='ltr'><strong><em>εἱναι</em></strong></span> <span class='ocrx_word' id='word_1_540' title='bbox 1012 4532 1113 4604; x_wconf 75' lang='grc' dir='ltr'><strong><em>βέβαια</em></strong></span> <span class='ocrx_word' id='word_1_541' title='bbox 1129 4539 1195 4602; x_wconf 84' lang='grc' dir='ltr'><strong><em>παρ’</em></strong></span> <span class='ocrx_word' id='word_1_542' title='bbox 1209 4533 1350 4609; x_wconf 78' lang='grc' dir='ltr'><strong><em>Ἡροδότῳ</em></strong></span> <span class='ocrx_word' id='word_1_543' title='bbox 1367 4534 1414 4590; x_wconf 86' lang='grc' dir='ltr'><strong><em>καί</em></strong></span> <span class='ocrx_word' id='word_1_544' title='bbox 1433 4538 1598 4606; x_wconf 74' lang='grc' dir='ltr'><strong><em>Θουκυδίδῃ.</em></strong></span> <span class='ocrx_word' id='word_1_545' title='bbox 1627 4533 1727 4600; x_wconf 79' lang='grc' dir='ltr'><strong><em>Οίίτως</em></strong></span> <span class='ocrx_word' id='word_1_546' title='bbox 1743 4535 1933 4609; x_wconf 72' lang='grc' dir='ltr'><strong>ἀπολαμβάνει</strong></span> <span class='ocrx_word' id='word_1_547' title='bbox 1955 4535 2003 4590; x_wconf 88' lang='grc' dir='ltr'><strong><em>καὶ</em></strong></span> 
     </span>
     <span class='ocr_line' id='line_1_41' title="bbox 194 4615 2003 4694; baseline -0.001 -16"><span class='ocrx_word' id='word_1_548' title='bbox 194 4623 337 4694; x_wconf 82' lang='grc' dir='ltr'><strong><em>ἡὶστορία</em></strong></span> <span class='ocrx_word' id='word_1_549' title='bbox 354 4625 409 4676; x_wconf 86' lang='grc' dir='ltr'><strong>τῶν</strong></span> <span class='ocrx_word' id='word_1_550' title='bbox 433 4615 578 4690; x_wconf 83' lang='grc' dir='ltr'><strong><em>ἱλληνικδόν</em></strong></span> <span class='ocrx_word' id='word_1_551' title='bbox 601 4618 770 4690; x_wconf 73' lang='grc' dir='ltr'><strong><em>γραμμάτων</em></strong></span> <span class='ocrx_word' id='word_1_552' title='bbox 795 4617 859 4688; x_wconf 83' lang='grc' dir='ltr'><strong>τὴν</strong></span> <span class='ocrx_word' id='word_1_553' title='bbox 890 4617 1102 4689; x_wconf 73' lang='grc' dir='ltr'><strong><em>πρέπουσαν</em></strong></span> <span class='ocrx_word' id='word_1_554' title='bbox 1127 4623 1365 4691; x_wconf 73' lang='grc' dir='ltr'><strong><em>συμμετρίαν.</em></strong></span> <span class='ocrx_word' id='word_1_555' title='bbox 1398 4621 1469 4677; x_wconf 90' lang='grc' dir='ltr'><strong><em>διότι</em></strong></span> <span class='ocrx_word' id='word_1_556' title='bbox 1493 4621 1563 4691; x_wconf 64' lang='lat' dir='ltr'><strong>elpes</strong></span> <span class='ocrx_word' id='word_1_557' title='bbox 1588 4621 1606 4691; x_wconf 82' lang='grc' dir='ltr'><em>ἡ</em></span> <span class='ocrx_word' id='word_1_558' title='bbox 1631 4621 1735 4692; x_wconf 83' lang='grc' dir='ltr'><strong><em>άργαία</em></strong></span> <span class='ocrx_word' id='word_1_559' title='bbox 1761 4620 1841 4693; x_wconf 80' lang='grc' dir='ltr'><strong><em>τίγνη</em></strong></span> <span class='ocrx_word' id='word_1_560' title='bbox 1865 4621 2003 4692; x_wconf 76' lang='grc' dir='ltr'><strong><em>ἱστορικὴν</em></strong></span> 
     </span>
     <span class='ocr_line' id='line_1_42' title="bbox 194 4702 2003 4779; baseline 0 -15"><span class='ocrx_word' id='word_1_561' title='bbox 194 4709 303 4779; x_wconf 87' lang='grc' dir='ltr'><strong><em>τριάδα,</em></strong></span> <span class='ocrx_word' id='word_1_562' title='bbox 322 4710 357 4770; x_wconf 80' lang='grc' dir='ltr'><strong>ὡς</strong></span> <span class='ocrx_word' id='word_1_563' title='bbox 375 4705 429 4776; x_wconf 72' lang='grc' dir='ltr'><strong>εἶχε</strong></span> <span class='ocrx_word' id='word_1_564' title='bbox 446 4706 493 4761; x_wconf 82' lang='lat' dir='ltr'><strong>aui</strong></span> <span class='ocrx_word' id='word_1_565' title='bbox 510 4705 564 4775; x_wconf 74' lang='grc' dir='ltr'><strong><em>ἔχει</em></strong></span> <span class='ocrx_word' id='word_1_566' title='bbox 581 4705 682 4775; x_wconf 89' lang='grc' dir='ltr'><strong><em>τριάδα</em></strong></span> <span class='ocrx_word' id='word_1_567' title='bbox 706 4705 846 4775; x_wconf 85' lang='grc' dir='ltr'><strong><em>τραγικήν.</em></strong></span> <span class='ocrx_word' id='word_1_568' title='bbox 873 4735 905 4744; x_wconf 94' lang='grc'>-</span> <span class='ocrx_word' id='word_1_569' title='bbox 930 4703 974 4761; x_wconf 83' lang='grc' dir='ltr'><strong><em>δτι</em></strong></span> <span class='ocrx_word' id='word_1_570' title='bbox 991 4704 1022 4760; x_wconf 74' lang='grc' dir='ltr'><strong>δὲ</strong></span> <span class='ocrx_word' id='word_1_571' title='bbox 1039 4705 1054 4761; x_wconf 88' lang='grc' dir='ltr'><strong><em>δ</em></strong></span> <span class='ocrx_word' id='word_1_572' title='bbox 1073 4707 1207 4774; x_wconf 69' lang='grc' dir='ltr'><strong><em>Ξενοφῶν</em></strong></span> <span class='ocrx_word' id='word_1_573' title='bbox 1223 4705 1301 4776; x_wconf 82' lang='grc' dir='ltr'><strong><em>παρὰ</em></strong></span> <span class='ocrx_word' id='word_1_574' title='bbox 1318 4713 1377 4770; x_wconf 80' lang='grc' dir='ltr'><strong><em>τοῖς</em></strong></span> <span class='ocrx_word' id='word_1_575' title='bbox 1401 4706 1526 4778; x_wconf 75' lang='grc' dir='ltr'><strong><em>άρχαίοιο</em></strong></span> <span class='ocrx_word' id='word_1_576' title='bbox 1549 4702 1649 4779; x_wconf 84' lang='grc' dir='ltr'><strong><em>ἦτουδ</em></strong></span> <span class='ocrx_word' id='word_1_577' title='bbox 1676 4709 1767 4779; x_wconf 74' lang='grc' dir='ltr'><strong><em>τρίτοι</em></strong></span> <span class='ocrx_word' id='word_1_578' title='bbox 1790 4707 1929 4778; x_wconf 76' lang='grc' dir='ltr'><strong><em>πάρεδρος</em></strong></span> <span class='ocrx_word' id='word_1_579' title='bbox 1952 4711 2003 4764; x_wconf 73' lang='grc' dir='ltr'><strong>τοῦ</strong></span> 
     </span>
     <span class='ocr_line' id='line_1_43' title="bbox 189 4787 2002 4865; baseline -0.001 -17"><span class='ocrx_word' id='word_1_580' title='bbox 189 4794 341 4865; x_wconf 84' lang='grc' dir='ltr'><strong><em>Ἡροδότου</em></strong></span> <span class='ocrx_word' id='word_1_581' title='bbox 358 4793 405 4849; x_wconf 87' lang='grc' dir='ltr'><strong><em>καί</em></strong></span> <span class='ocrx_word' id='word_1_582' title='bbox 425 4793 607 4860; x_wconf 79' lang='grc' dir='ltr'><strong><em>Θουκυδίδου,</em></strong></span> <span class='ocrx_word' id='word_1_583' title='bbox 624 4791 672 4846; x_wconf 84' lang='grc' dir='ltr'><strong><em>καί</em></strong></span> <span class='ocrx_word' id='word_1_584' title='bbox 689 4791 780 4854; x_wconf 71' lang='lat' dir='ltr'><strong>auaris</strong></span> <span class='ocrx_word' id='word_1_585' title='bbox 799 4790 880 4854; x_wconf 75' lang='grc' dir='ltr'><strong><em>ἄλλοι</em></strong></span> <span class='ocrx_word' id='word_1_586' title='bbox 897 4797 952 4846; x_wconf 87' lang='grc' dir='ltr'><strong>τῶν</strong></span> <span class='ocrx_word' id='word_1_587' title='bbox 969 4796 1076 4848; x_wconf 88' lang='grc' dir='ltr'><strong><em>πολλῶν</em></strong></span> <span class='ocrx_word' id='word_1_588' title='bbox 1093 4789 1140 4846; x_wconf 87' lang='grc' dir='ltr'><strong><em>καί</em></strong></span> <span class='ocrx_word' id='word_1_589' title='bbox 1162 4787 1283 4858; x_wconf 76' lang='grc' dir='ltr'><strong><em>ίνδόξων</em></strong></span> <span class='ocrx_word' id='word_1_590' title='bbox 1302 4792 1453 4863; x_wconf 87' lang='grc' dir='ltr'><strong><em>ἱστορικῶν,</em></strong></span> <span class='ocrx_word' id='word_1_591' title='bbox 1478 4791 1544 4852; x_wconf 70' lang='lat' dir='ltr'><strong>otti</strong></span> <span class='ocrx_word' id='word_1_592' title='bbox 1567 4799 1651 4850; x_wconf 83' lang='grc' dir='ltr'><strong><em>τοῦτο</em></strong></span> <span class='ocrx_word' id='word_1_593' title='bbox 1677 4791 1726 4850; x_wconf 63' lang='lat' dir='ltr'><strong>riv</strong></span> <span class='ocrx_word' id='word_1_594' title='bbox 1749 4792 1819 4850; x_wconf 79' lang='grc' dir='ltr'><strong><em>εἶναι</em></strong></span> <span class='ocrx_word' id='word_1_595' title='bbox 1843 4790 1872 4861; x_wconf 76' lang='grc' dir='ltr'><strong>ἐξ</strong></span> <span class='ocrx_word' id='word_1_596' title='bbox 1895 4793 2002 4848; x_wconf 83' lang='grc' dir='ltr'><strong><em>όποκει-</em></strong></span> 
     </span>
     <span class='ocr_line' id='line_1_44' title="bbox 195 4876 2004 4952; baseline -0.001 -17"><span class='ocrx_word' id='word_1_597' title='bbox 195 4876 278 4947; x_wconf 73' lang='grc' dir='ltr'><strong><em>μόνον</em></strong></span> <span class='ocrx_word' id='word_1_598' title='bbox 295 4880 395 4950; x_wconf 80' lang='grc' dir='ltr'><strong><em>γνώμη,</em></strong></span> <span class='ocrx_word' id='word_1_599' title='bbox 414 4878 484 4934; x_wconf 77' lang='grc' dir='ltr'><strong><em>ἀλλὰ</em></strong></span> <span class='ocrx_word' id='word_1_600' title='bbox 501 4878 533 4935; x_wconf 86' lang='grc' dir='ltr'><strong>τὸ</strong></span> <span class='ocrx_word' id='word_1_601' title='bbox 550 4885 686 4949; x_wconf 81' lang='grc' dir='ltr'><strong><em>μαρτυρεῖ</em></strong></span> <span class='ocrx_word' id='word_1_602' title='bbox 700 4877 773 4949; x_wconf 82' lang='grc' dir='ltr'><strong><em>άνὴρ</em></strong></span> <span class='ocrx_word' id='word_1_603' title='bbox 794 4878 967 4947; x_wconf 77' lang='grc' dir='ltr'><strong><em>Βυζαντινός,</em></strong></span> <span class='ocrx_word' id='word_1_604' title='bbox 985 4877 1306 4949; x_wconf 73' lang='grc' dir='ltr'><strong><em>δΧριστόδωροι-,όστις</em></strong></span> <span class='ocrx_word' id='word_1_605' title='bbox 1324 4877 1353 4934; x_wconf 76' lang='lat' dir='ltr'><strong>lv</strong></span> <span class='ocrx_word' id='word_1_606' title='bbox 1371 4878 1541 4950; x_wconf 76' lang='grc' dir='ltr'><strong><em>ἀρχαιοτάτῃ</em></strong></span> <span class='ocrx_word' id='word_1_607' title='bbox 1559 4885 1673 4952; x_wconf 77' lang='grc' dir='ltr'><strong><em>συλλογῇ</em></strong></span> <span class='ocrx_word' id='word_1_608' title='bbox 1692 4878 1814 4946; x_wconf 81' lang='grc' dir='ltr'><strong><em>εἰκόνων,</em></strong></span> <span class='ocrx_word' id='word_1_609' title='bbox 1831 4877 2004 4934; x_wconf 83' lang='grc' dir='ltr'><strong><em>παλαιότατα</em></strong></span> 
     </span>
     <span class='ocr_line' id='line_1_45' title="bbox 195 4959 2004 5036; baseline 0 -16"><span class='ocrx_word' id='word_1_610' title='bbox 195 4967 235 5028; x_wconf 73' lang='grc' dir='ltr'><strong>είς</strong></span> <span class='ocrx_word' id='word_1_611' title='bbox 252 4965 404 5034; x_wconf 72' lang='grc' dir='ltr'><strong><em>Βυζάντιον</em></strong></span> <span class='ocrx_word' id='word_1_612' title='bbox 420 4967 619 5036; x_wconf 80' lang='grc' dir='ltr'><strong><em>μετενεγδείσγ,</em></strong></span> <span class='ocrx_word' id='word_1_613' title='bbox 638 4963 687 5021; x_wconf 74' lang='grc' dir='ltr'><strong>δὶν</strong></span> <span class='ocrx_word' id='word_1_614' title='bbox 703 4959 782 5035; x_wconf 74' lang='grc' dir='ltr'><strong><em>εὗρεν</em></strong></span> <span class='ocrx_word' id='word_1_615' title='bbox 800 4962 829 5020; x_wconf 82' lang='grc' dir='ltr'><strong>ἐν</strong></span> <span class='ocrx_word' id='word_1_616' title='bbox 846 4971 905 5028; x_wconf 80' lang='grc' dir='ltr'><strong><em>τοῖς</em></strong></span> <span class='ocrx_word' id='word_1_617' title='bbox 922 4965 1068 5035; x_wconf 70' lang='grc' dir='ltr'><strong><em>ἱστορικοῖς</em></strong></span> <span class='ocrx_word' id='word_1_618' title='bbox 1094 4963 1219 5032; x_wconf 81' lang='grc' dir='ltr'><strong><em>ἣμόνας</em></strong></span> <span class='ocrx_word' id='word_1_619' title='bbox 1241 4963 1291 5027; x_wconf 74' lang='grc' dir='ltr'><strong>τὰς</strong></span> <span class='ocrx_word' id='word_1_620' title='bbox 1317 4965 1424 5029; x_wconf 77' lang='grc' dir='ltr'><strong><em>εἰκόνας</em></strong></span> <span class='ocrx_word' id='word_1_621' title='bbox 1447 4969 1503 5020; x_wconf 90' lang='grc' dir='ltr'><strong>τῶν</strong></span> <span class='ocrx_word' id='word_1_622' title='bbox 1525 4971 1609 5036; x_wconf 80' lang='grc' dir='ltr'><strong><em>τριῶν</em></strong></span> <span class='ocrx_word' id='word_1_623' title='bbox 1628 4963 1795 5036; x_wconf 84' lang='grc' dir='ltr'><strong><em>Ἡροδότου,</em></strong></span> <span class='ocrx_word' id='word_1_624' title='bbox 1823 4965 2004 5028; x_wconf 73' lang='grc' dir='ltr'><strong><em>Θουκυδίδου,</em></strong></span> 
     </span>
     <span class='ocr_line' id='line_1_46' title="bbox 196 5049 1462 5126; baseline -0.002 -18"><span class='ocrx_word' id='word_1_625' title='bbox 196 5055 385 5122; x_wconf 69' lang='grc' dir='ltr'><strong><em>Ξενοφῶντος·</em></strong></span> <span class='ocrx_word' id='word_1_626' title='bbox 403 5051 544 5124; x_wconf 76' lang='grc' dir='ltr'><strong><em>(ἔκφρασις</em></strong></span> <span class='ocrx_word' id='word_1_627' title='bbox 562 5051 727 5122; x_wconf 77' lang='grc' dir='ltr'><strong><em>ἀγαλμάτων</em></strong></span> <span class='ocrx_word' id='word_1_628' title='bbox 745 5068 784 5107; x_wconf 90' lang='grc' dir='ltr'><strong>στ.</strong></span> <span class='ocrx_word' id='word_1_629' title='bbox 803 5053 855 5106; x_wconf 85' lang='grc'><strong>888</strong></span> <span class='ocrx_word' id='word_1_630' title='bbox 873 5049 903 5106; x_wconf 79' lang='lat' dir='ltr'><strong>lv</strong></span> <span class='ocrx_word' id='word_1_631' title='bbox 920 5058 958 5126; x_wconf 79' lang='grc' dir='ltr'><strong>τῷ</strong></span> <span class='ocrx_word' id='word_1_632' title='bbox 976 5051 1087 5124; x_wconf 78' lang='grc' dir='ltr'><strong><em>ἀτόμῳ</em></strong></span> <span class='ocrx_word' id='word_1_633' title='bbox 1104 5055 1154 5121; x_wconf 73' lang='grc' dir='ltr'><strong>τῆς</strong></span> <span class='ocrx_word' id='word_1_634' title='bbox 1172 5049 1258 5122; x_wconf 81' lang='grc' dir='ltr'><strong><em>ἑλλην.</em></strong></span> <span class='ocrx_word' id='word_1_635' title='bbox 1276 5049 1462 5122; x_wconf 72' lang='grc' dir='ltr'><strong><em>ἀνθολογίας).</em></strong></span> 
     </span>
    </p>
   </div>
   <div class='ocr_carea' id='block_1_6' title="bbox 0 0 2433 6084">
    <p class='ocr_par' dir='ltr' id='par_1_10' title="bbox 0 0 2433 6084">
     <span class='ocr_line' id='line_1_47' title="bbox 0 0 2433 6084; baseline 0 0"><span class='ocrx_word' id='word_1_636' title='bbox 0 0 2433 6084; x_wconf 95' lang='lat' dir='ltr'><strong> </strong></span> 
     </span>
    </p>
   </div>
  </div>
 </body>
</html>
