4820 6094
1251 527 1406 626 Au-

424 727 505 796 dsnt
525 749 610 795 neve
632 731 821 795 examinent
842 739 877 795 et
897 730 1041 796 refutare
1068 730 1266 812 studeant¹).
1314 731 1453 798 Sumsnt
1480 753 1584 799 comos
1610 731 1816 818 probandum
1839 733 1910 819 jem
1939 753 2011 800 esse
2039 731 2234 819 probstum:

423 851 520 898 nemo
542 828 746 898 desiderabit
767 842 960 920 arguments
981 833 1100 918 quibus
1121 834 1287 920 probetur.

579 934 651 1000 Non
674 945 764 1002 recte
786 959 807 1000 a
828 937 985 1002 Grossero
1009 945 1042 1002 et
1063 935 1230 1023 Cypriuno
1251 936 1446 1002 affirmatum
1470 957 1550 1020 esse,
1571 937 1823 1024 Xenophontem
1840 937 2111 1024 perfectissimum
2128 942 2232 1027 scrip

421 1045 527 1104 torem
548 1037 691 1122 fuiss02),
714 1037 778 1104 elis
800 1041 871 1126 ejus
894 1040 1015 1124 scripta
1037 1039 1165 1120 docent,
1188 1062 1207 1106 e
1236 1041 1355 1127 quihus
1382 1038 1575 1127 intelligitur
1603 1062 1677 1106 enm
1707 1062 1772 1107 uon
1801 1041 1901 1108 fuisse
1926 1041 2026 1109 talem
2061 1052 2231 1110 auctorem

422 1139 552 1229 qualem
574 1139 623 1208 illi
647 1141 783 1228 fingant.

578 1244 708 1325 Quanta
730 1245 818 1310 enirn
840 1246 912 1331 ejus
932 1245 1031 1311 inerit
1051 1245 1134 1311 tides
1155 1246 1277 1333 optime
1299 1247 1485 1333 perspicere
1506 1267 1678 1332 possumus
1699 1268 1743 1312 ex
1759 1246 1916 1331 Anabssi‚
1939 1247 2032 1334 cujus
2054 1247 2230 1334 compluri-

423 1344 484 1412 bus
506 1345 587 1410 locis
608 1354 645 1411 ut
667 1347 789 1434 Cyrum
813 1369 878 1412 non
901 1369 1015 1412 varum
1038 1347 1203 1414 describat
1225 1349 1268 1434 (is
1297 1352 1384 1415 enim
1413 1349 1501 1414 haud
1528 1350 1576 1414 ita
1603 1349 1807 1416 admirabilis
1833 1350 1876 1416 ab
1904 1351 1994 1416 omni
2022 1359 2115 1436 parte
2142 1351 2231 1436 luit),

421 1457 478 1514 aut
498 1447 582 1514 feles
602 1449 703 1514 hedit
720 1458 778 1515 sut
794 1473 874 1516 vere
895 1452 1023 1531 omittit,
1046 1473 1119 1516 oum
1137 1475 1197 1538 per
1212 1461 1312 1518 totam
1336 1454 1502 1536 κατάβασιν
1522 1475 1555 1520 se
1575 1453 1676 1519 colom
1696 1455 1896 1539 principem,
1924 1475 1956 1522 se
1984 1475 2082 1519 onom
2110 1451 2229 1518 ducam

417 1551 616 1639 ¹prudentem
636 1553 749 1638 tingat,
772 1553 843 1618 veri
864 1555 923 1618 rix
945 1553 1119 1620 admodum
1143 1555 1338 1642 prudens³):
1361 1555 1396 1622 id
1418 1555 1506 1642 quod
1527 1555 1593 1621 slio
1615 1555 1687 1622 loco
1709 1558 1892 1622 accuratius
1919 1578 1972 1622 me
2001 1556 2230 1642 expositurum

421 1675 493 1720 esse
515 1675 620 1740 spero.
645 1693 686 1704 —
709 1654 859 1735 Quantus
881 1656 1035 1722 fueritin
1057 1659 1199 1745 ingeniis
1218 1659 1408 1725 ensrrundia
1429 1658 1642 1746 intelligimus
1664 1683 1708 1726 ex
1729 1661 1777 1725 ais
1798 1681 1883 1746 quse
1903 1659 1947 1725 de
1963 1658 2052 1746 Cyro
2068 1657 2229 1726 Clearcho

420 1755 572 1822 Proxeno
594 1757 735 1826 Menone
757 1760 790 1823 iu
809 1758 956 1824 Ansbasi
978 1761 1117 1847 scripsit,
1142 1784 1225 1848 quaa
1246 1763 1393 1848 profacto
1410 1783 1477 1827 non
1495 1772 1570 1840 sunt
1580 1762 1786 1849 ingeniorum
1803 1762 2040 1850 descriptiones
2055 1770 2088 1828 et
2100 1782 2229 1827 morum

420 1860 613 1926 notationes.
1210 1895 1213 1900 ,

575 1963 629 2028 Ex
650 1962 701 2028 hia
729 1971 826 2050 etque
854 1963 929 2028 aliis
956 1966 1045 2030 vitiis
1074 1966 1191 2052 quibus
1226 1989 1327 2053 opera
1354 1968 1583 2054 Xenophontis
1612 1968 1683 2034 sine
1711 1966 1776 2032 ullo
1811 1967 1912 2034 dubio
1951 1990 2031 2034 vera
2069 1967 2229 2050 laborant,

421 2067 656 2152 cognoscimus,
679 2066 930 2153 Xenophontem
952 2089 1017 2132 non
1039 2069 1086 2134 ita
1107 2078 1328 2155 comparatum
1350 2069 1450 2136 fuisse
1472 2080 1509 2135 ut
1529 2072 1622 2151 „sine
1643 2071 1694 2136 ira
1715 2079 1749 2135 et
1769 2070 1899 2136 etudio“
1927 2068 2094 2136 historiam
2122 2073 2230 2158 possit

420 2168 575 2251 scribare,
598 2178 636 2234 ut
656 2191 709 2235 raa
731 2189 843 2235 omnes
865 2177 953 2234 reote
976 2171 1135 2250 aestimet,
1164 2180 1201 2236 ut
1222 2171 1264 2238 de
1293 2174 1421 2258 magnis
1450 2173 1600 2238 omnibus
1628 2174 1708 2238 viris
1731 2173 1823 2258 juste
1850 2174 1935 2258 ferat
1964 2172 2100 2259 judicia
2152 2171 2229 2238 Fal·

419 2274 545 2342 sissima
567 2274 670 2358 igitur
691 2293 871 2358 ageremus,
895 2275 924 2338 si
945 2273 1196 2361 Xenophontem
1219 2274 1464 2342 Hellenicorum
1489 2285 1655 2342 auctorem
1683 2276 1850 2342 meliorem
1879 2277 2068 2362 scriptorem
2098 2284 2131 2342 ot
2160 2297 2229 2340 ma-

415 2376 523 2462 jorem
546 2376 642 2442 nobis
663 2375 872 2462 fingeremus,
896 2397 991 2463 quam
1015 2377 1242 2464 Thucydidem
1264 2377 1467 2445 Herodotum
1489 2378 1660 2466 Polybium
1682 2377 1779 2445 aliosr
1811 2378 1925 2472 propbeta
1944 2377 2002 2444 itte
2022 2401 2057 2443 rs
2085 2399 2160 2444 vero
2187 2401 2228 2444 oe

419 2478 564 2565 mpure
583 2479 709 2565 psam
721 2478 839 2564 fuet)

574 2685 690 2750 Finem
712 2685 812 2771 igitur
833 2685 978 2750 fecturus
1000 2684 1162 2778 affirmme
1182 2707 1278 2772 posse
1300 2685 1380 2750 mihi
1402 2687 1519 2752 videor
1535 2685 1731 2762 sententiam
1747 2684 1836 2750 illem
1853 2708 1875 2750 a
1888 2684 2053 2772 Cypriano
2069 2685 2228 2750 Grosscro

418 2789 492 2856 aliis
514 2787 683 2874 prolatam,
707 2786 936 2875 Xenophontis
957 2785 1129 2860 Hellenica
1151 2809 1217 2854 non
1239 2791 1368 2874 integra
1395 2792 1429 2853 in
1457 2787 1627 2855 codicibus
1655 2788 1822 2880 exhiheri·
1840 2789 1900 2855 sed
1936 2787 2152 2874 neglegenter
2190 2789 2227 2852 in

418 2894 582 2980 epitomen
607 2899 729 2972 coacta,
751 2892 793 2957 sb
816 2891 864 2956 eis
887 2893 944 2977 qui
965 2911 1037 2956 eam
1059 2889 1254 2978 protulerint
1275 2891 1446 2978 probatam
1467 2912 1534 2956 non
1557 2913 1637 2974 esse,
1660 2901 1757 2980 etque
1789 2914 1832 2957 ne
1859 2890 2064 2979 prohabilem
2092 2889 2227 2977 quidem

418 2995 534 3062 videri.
578 2995 632 3060 De
653 2993 835 3060 Hellenicis
857 3003 967 3060 eutem
988 2995 1068 3080 ipsis
1090 2993 1364 3080 acquiescendum
1386 2993 1467 3058 mihi
1488 2993 1620 3060 videtur
1637 2994 1673 3058 in
1692 2994 1831 3060 Nitschii
1852 2996 2024 3076 sententia,
2044 2995 2100 3080 qui
2115 2992 2228 3059 multis

416 3101 524 3166 musis
559 3097 665 3164 allatis
697 3098 866 3184 probavit,
904 3118 1020 3162 revers
1054 3105 1159 3162 ortum
1194 3118 1266 3162 ease
1295 3096 1358 3164 hoo
1392 3117 1474 3184 opus
1508 3118 1530 3161 a
1562 3097 1782 3183 Xenophonte
1816 3097 1983 3165 Socratico
2018 3107 2117 3184 utque
2151 3117 2226 3162 osse

417 3221 532 3267 verum
554 3221 635 3287 opus
657 3209 755 3287 atque
774 3199 963 3286 genuinum.

574 3371 599 3438 ¹)
618 3369 665 3426 Gr.
684 3370 704 3424 l.
720 3370 739 3426 l
758 3371 817 3438 105,
835 3371 901 3426 740:
937 3367 1005 3436 „Ich
1022 3367 1098 3423 kann
1116 3385 1169 3423 nur
1185 3367 1344 3438 wfiusohen,
1361 3367 1427 3424 deas
1444 3385 1518 3438 man,
1535 3385 1582 3423 um
1600 3386 1663 3423 sum
1689 3368 1766 3424 Ziele
1789 3385 1824 3423 ao
1847 3369 1999 3440 gelangen,
2026 3371 2073 3426 die
2098 3367 2224 3441 prhinng

416 3457 468 3512 dor
484 3457 622 3512 allsrseits
640 3455 832 3511 snerlrannten
850 3455 1244 3524 hellenihaschwierigksiten
1263 3453 1375 3509 endlich
1393 3455 1494 3511 einmtd
1511 3454 1600 3511 durch
1617 3455 1664 3511 die
1680 3455 1764 3511 brille
1783 3471 1899 3512 uusorer
1915 3455 2145 3526 aussugsthsorie
2161 3472 2223 3511 ser·

415 3539 510 3610 suche,
529 3573 561 3584 -
580 3571 614 3583 -
632 3543 696 3594 dors
713 3560 776 3594 mors
793 3544 847 3594 oleo
866 3542 909 3594 dis
926 3543 1003 3595 soche
1020 3543 1091 3594 nicht
1109 3549 1160 3594 eret
1175 3559 1235 3594 eom
1252 3541 1433 3610 osqimmdea,
1450 3543 1564 3594 condor-s
1587 3551 1671 3595 ross-st
1694 3561 1753 3595 coss
1771 3543 1903 3612 positivae
1925 3545 2082 3610 stoadprssct
2105 3561 2153 3594 oss
2176 3559 2224 3594 os-

415 3630 503 3682 sr'the.“
538 3627 586 3681 cir.
604 3643 699 3696 progr.
716 3643 764 3697 pg.
781 3628 808 3682 4.
826 3658 858 3668 -
877 3627 966 3696 Quem
982 3627 1120 3681 rationem
1137 3626 1163 3680 si
1180 3641 1358 3696 sequeremur
1385 3627 1520 3682 simillimi
1549 3643 1673 3682 essemus
1696 3625 1728 3685 L.
1755 3626 1916 3696 Schwshio,
1942 3627 1991 3698 qui
2015 3625 2114 3682 eodem
2141 3625 2224 3680 modo

415 3711 538 3783 probare
554 3711 695 3782 studebat,
713 3713 815 3768 Getulli
832 3712 964 3768 Leabism
981 3713 1065 3768 tuisse
1084 3713 1210 3768 Clodium
1227 3713 1305 3768 illem
1322 3712 1554 3782 Qnedrantariam
1571 3713 1631 3780 (cfr.
1649 3716 1756 3783 qusest
1774 3711 1872 3768 Catuli.
1898 3713 1913 3767 1
1930 3730 1975 3784 pg.
2003 3715 2054 3770 68.-
2079 3730 2146 3782 „ope
2171 3731 2223 3781 po·

415 3817 508 3852 nomos
519 3799 759 3866 protendomjcm
776 3815 829 3852 cros
843 3799 992 3866 probatore,
1009 3802 1093 3868 atque
1110 3797 1280 3854 sffirmsntes
1305 3798 1431 3854 clodism
1454 3799 1682 3868 quadrantarism
1705 3816 1722 3853 s
1746 3799 1855 3854 Catullo
1878 3799 1997 3854 hsshiaa
2020 3797 2087 3854 licto
2110 3797 2224 3854 nomina

416 3883 603 3954 significatam
620 3899 682 3939 esse
700 3899 862 3938 snsrremus
880 3887 971 3954 etc‘t),
989 3899 1073 3953 quem
1090 3883 1230 3954 probondi
1247 3885 1387 3939 rationem
1403 3886 1509 3954 optime
1526 3900 1615 3955 nuper
1632 3883 1765 3940 refutavit
1786 3883 1830 3940 Al.
1848 3881 1944 3956 Riese,
1970 3901 2034 3942 nov.
2061 3901 2125 3939 sun
2151 3883 2222 3954 phil.

418 3971 476 4039 1⁰5,
494 3971 1103 4128 Ρηε;)7ζῖιοιὶὲἓοόῗῖξιῗιοὶἔιῗέἰῖῗοί14ιῗοοο,
1121 4053 1151 4110 Ζ.
1169 4053 1203 4110 G.
1220 4047 1265 4110 W,
1282 4054 1301 4110 l.
1318 4053 1338 4112 l.
1355 4053 1409 4108 260
1424 4071 1466 4124 sq.

573 4141 597 4208 ¹)
615 4141 693 4211 cujus
711 4141 753 4194 rei
770 4142 929 4210 exemplum
947 4139 1029 4196 affert
1045 4140 1074 4197 G.
1092 4140 1124 4197 G.
1142 4137 1278 4210 Kroegsr,
1296 4140 1332 4196 de
1349 4137 1426 4194 anth
1444 4143 1474 4194 et
1489 4139 1589 4210 integr.
1608 4139 1701 4196 hnab..
1715 4156 1761 4212 pg.
1781 4141 1822 4196 15.
1848 4138 1897 4197 cir.
1915 4137 2035 4195 eundem
2051 4155 2099 4210 pg.
2117 4141 2158 4210 st,
2177 4141 2224 4194 51.

571 4228 598 4293 ⁴)
616 4225 666 4280 cfr.
684 4224 806 4282 Vischsr
822 4226 840 4283 l.
858 4226 876 4282 1.
894 4227 937 4294 et,
956 4227 998 4282 18.
1016 4257 1048 4267 -
1067 4225 1139 4283 Guih
1159 4225 1258 4296 hleyer
1274 4227 1294 4282 l.
1311 4226 1329 4283 l.
1348 4243 1411 4298 peg.
1429 4228 1446 4281 h
1464 4242 1525 4295 sqq.
1543 4257 1575 4266 -
1593 4223 1711 4280 Nitschs
1727 4225 1747 4279 l.
1764 4225 1783 4280 1.
1800 4225 1818 4280 9
1835 4242 1892 4298 sq.;
1910 4227 1945 4280 st
1962 4243 2005 4296 sq.
