4820 6094
1014 538 1170 636 Q

187 747 291 832 ἄκραν,
315 765 399 831 quae
421 739 562 828 intelligi
584 763 658 808 cum
679 763 746 807 non
768 741 893 828 possint
913 742 1090 827 Buechs.¹)
1113 765 1156 808 ex
1174 741 1237 808 alio
1260 741 1350 806 fonte
1371 763 1391 805 a
1410 740 1585 806 Plutoncho
1605 741 1718 807 addita
1735 763 1807 808 ease
1822 745 1997 830 contendit,

189 868 261 913 cum
285 845 437 934 equidem
460 848 643 933 putaverim
666 847 765 910 etiam
787 845 849 910 hoc
871 843 943 911 loeo
964 845 1098 932 probari
1120 845 1373 932 Xenophontem
1396 845 1607 911 aPlutarcho
1629 847 1813 932 inspectum
1834 868 1899 914 non
1917 871 1997 915 esse.

188 949 270 1014 Nam
295 972 353 1016 cur
375 949 460 1014 Plut.
483 971 549 1014 non
573 958 675 1014 totum
698 948 900 1012 enuntiatum
924 971 967 1013 ex
987 947 1045 1013 illo
1067 947 1230 1035 sumpsit?

329 1051 505 1118 ‘Numerus
534 1061 702 1139 captorum
733 1049 1002 1135 Atheniensium,
1032 1052 1089 1137 qui
1119 1073 1140 1116 a
1168 1049 1340 1122 Plutarcho
1362 1049 1503 1116 refertur
1526 1051 1615 1138 (Lys.
1641 1053 1696 1132 11;
1726 1052 1785 1118 13:
1813 1059 1996 1143 τρισχιλίους

186 1157 329 1241 ἄνδρας),
352 1177 449 1242 quem
472 1154 560 1242 apud
582 1154 834 1240 Xenophontem
856 1175 921 1218 non
942 1151 1091 1241 legimus,
1114 1153 1157 1218 ab
1185 1153 1398 1240 epitomatore
1428 1155 1565 1224 omissus
1593 1163 1643 1220 est
1671 1177 1714 1220 ex
1742 1158 1905 1232 sententia
1934 1158 2020 1246 Cy-¹

186 1258 308 1344 priani,
329 1279 403 1324 cum
424 1257 496 1323 aliis
519 1256 600 1323 locis
621 1258 765 1322 minores
786 1258 914 1322 numeri
936 1267 1088 1323 accurate
1111 1258 1176 1321 sint
1197 1256 1312 1321 traditi
1334 1255 1438 1337 (velut
1458 1255 1475 1322 1
1496 1255 1527 1337 2,
1545 1259 1594 1338 5):
1617 1259 1691 1324 Non
1713 1261 1879 1345 reputavit
1897 1260 1995 1348 Cypr.

186 1359 356 1448 permultis
379 1362 477 1426 etiam
499 1359 579 1425 locis
601 1383 622 1426 a
642 1359 863 1447 Xenophonte
885 1381 1056 1424 numerum
1079 1369 1136 1424 aut
1156 1381 1309 1447 magnum
1331 1370 1388 1426 aut
1409 1382 1547 1448 parvum
1569 1383 1634 1425 non
1657 1371 1811 1427 accurate
1833 1364 1996 1450 referri.²)

342 1462 425 1528 Cum
447 1483 544 1550 porro
573 1481 656 1550 quae
680 1462 722 1529 de
751 1461 866 1528 deletis
899 1465 1014 1528 castris
1042 1461 1290 1536 Atheniensium
1326 1471 1387 1530 otc.
1422 1471 1534 1530 narrat
1561 1462 1647 1529 Plut.
1678 1467 1908 1552 ἀναδησάμενος
1942 1472 1996 1551 τοὶς

187 1579 260 1646 ναῦς
280 1571 330 1634 καὶ
351 1568 563 1656 διαπορθήσας
590 1571 626 1635 τὰ
647 1569 850 1653 στρατόπεδον
878 1575 941 1634 κτλ.
963 1566 1161 1632 abhorreant
1192 1588 1213 1631 a
1240 1566 1460 1653 Xenophonte
1488 1574 1587 1653 atque
1617 1589 1660 1631 ex
1689 1589 1727 1632 eo
1760 1579 1889 1656 sumpta
1924 1593 1995 1636 esse

186 1679 360 1757 nequeant,
383 1679 512 1736 etcum
535 1693 619 1756 quae
642 1671 683 1736 de
707 1669 842 1736 Conone
866 1692 938 1735 cum
962 1679 1035 1736 octo
1058 1669 1199 1734 navibus
1220 1671 1366 1757 fugiente
1388 1679 1422 1734 et
1444 1670 1486 1736 de
1508 1668 1620 1757 paralo
1638 1671 1716 1736 navi
1739 1671 1884 1738 Athenas
1902 1683 1998 1739 recta

185 1774 549 1872 apud'Xenopbontem
571 1774 744 1840 traduntur
767 1777 811 1861 (ᾖ.
833 1775 888 1854 29)
912 1774 1115 1840 accuratiora
1137 1775 1203 1838 sint
1224 1795 1321 1859 quam
1343 1795 1429 1859 quas
1449 1772 1535 1838 Plut.
1559 1773 1671 1854 refert,
1693 1777 1749 1861 qui
1771 1775 1850 1861 Lys.
1874 1778 1912 1842 11
1937 1781 1996 1866 τήν

185 1878 321 1965 πάραλον
348 1885 416 1941 tum
433 1877 572 1942 demum
594 1887 826 1943 commemorat
847 1876 905 1943 ubi
927 1877 969 1943 de
990 1876 1151 1963 Lysandri
1173 1876 1296 1962 praeda
1318 1876 1421 1942 verba
1442 1875 1531 1957 lacit,
1556 1885 1589 1942 et
1614 1874 1685 1941 Alc.
1707 1878 1750 1943 37
1780 1878 1821 1944 de
1844 1888 1918 1944 octo
1940 1903 1994 1944 na·

185 1978 280 2045 vibus
303 1976 446 2045 Cononis
468 1979 605 2066 loquens
626 1978 773 2066 paralum
795 1978 891 2066 plane
915 1980 1085 2060 omittiu),
1108 2001 1205 2066 quam
1229 1979 1483 2060 dilucidissime,
1500 1979 1546 2044 'ni
1574 1978 1677 2060 fallor,
1707 1991 1857 2067 apparet,
1887 1981 1996 2049 Xeno·

183 2081 338 2170 phontenr
361 2083 467 2168 ipsum
491 2082 657 2148 Plutarchi
680 2083 803 2149 fontem
824 2085 956 2148 omnino
977 2104 1043 2148 non
1065 2083 1175 2152 fnisse.

339 2202 436 2284 Quod
457 2226 537 2269 vero
560 2202 659 2291 Cypr.
684 2203 829 2270 dativum
853 2203 1065 2291 neglegenter
1086 2206 1128 2269 ab
1150 2204 1365 2290 epitomatore
1388 2203 1542 2268 omissum
1572 2203 1653 2268 dicit
1674 2203 1717 2268 ad
1738 2204 1876 2272 verbum
1897 2209 1996 2296 αἀήγ-

184 2315 260 2393 γειλε
283 2305 480 2383 addendum,
504 2306 596 2372 velut
618 2315 682 2388 τοῖς
704 2310 833 2396 ἐφόροις,
854 2315 918 2388 τοῖς
940 2308 1046 2391 τέλεσι,
1069 2308 1213 2393 profecto
1235 2307 1342 2393 potuit
1359 2305 1433 2371 talis
1452 2305 1583 2372 dativus
1600 2305 1693 2387 addi;
1716 2307 1863 2374 sedeam
1879 2333 1997 2377 revera

184 2409 247 2474 boc
270 2409 340 2475 loeo
362 2411 505 2495 ejectum
527 2433 609 2490 esse,
632 2433 705 2476 cum
728 2411 867 2496 scriptus
888 2410 1003 2475 fuisset
1030 2433 1051 2474 a
1073 2411 1299 2497 Xenophonte,
1331 2431 1395 2476 non
1419 2419 1509 2496 puto,
1539 2431 1614 2475 cunr
1637 2411 1768 2498 saepius
1791 2434 1858 2478 non
1879 2415 1993 2481 addito

184 2512 296 2578 dativo
317 2511 381 2576 hoc
402 2513 539 2577 verbum
562 2522 752 2600 usurpatum
774 2513 961 2578 inveniatur
982 2514 1070 2599 apud
1091 2513 1387 2600 Xenophontem.⁴)

274 2644 279 2654 '
339 2632 647 2698 Luculentissimum
671 2632 813 2719 denique
836 2642 1073 2724 argumentum,
1097 2655 1160 2720 quo
1182 2632 1341 2721 probetur
1362 2633 1471 2714 thesis,
1494 2618 1566 2696 loco
1589 2635 1644 2719 qui
1674 2632 1804 2720 legitur,
1819 2635 1853 2700 11
1885 2641 1920 2717 1,
1952 2639 1995 2704 32

184 2735 336 2822 praeberi
354 2733 489 2822 Cypr.⁶)
512 2745 545 2800 et
568 2735 661 2818 Gai)
683 2736 894 2801 contendunt.
946 2736 997 2801 Ibi
1028 2739 1115 2802 enim
1146 2759 1218 2803 oum
1255 2745 1404 2801 narretur
1442 2736 1522 2822 quid
1556 2734 1729 2821 Lysander
1768 2759 1811 2803 ex
1848 2739 1994 2806 Philocle

184 2838 391 2925 quaesiverit,
415 2861 521 2924 neque
544 2858 624 2903 vero
648 2837 718 2924 ejus
747 2859 938 2925 responsum
973 2839 1122 2919 addatur,
1154 2839 1261 2904 locum
1289 2838 1374 2903 male
1403 2838 1524 2904 habere
1554 2846 1670 2925 putant
1696 2849 1794 2927 atque
1835 2865 1878 2908 ex
1907 2843 1993 2912 Plut.

183 2941 261 3028 Lye.
285 2941 326 3005 13
347 2963 537 3027 responsum
562 2939 716 3006 Philoclis
741 2964 813 3006 esse
843 2942 1070 3028 recipiendum
1100 2945 1245 3028 (ἐκέλευσε
1281 2946 1331 3030 μή
1358 2950 1536 3031 κατηγορεῖν
1567 2937 1611 3010 ὧν
1639 2945 1737 3025 οὐδείς
1758 2948 1821 3012 ἐστι
1850 2949 1994 3035 δικαστής

183 3045 263 3111 α’λλοῒ
285 3047 412 3111 νικῶντα
432 3046 574 3131 πράττειν
594 3043 670 3130 ἅπερ
692 3043 731 3111 dv
752 3050 885 3132 νικηθεὶς
908 3047 1097 3132 ἔπασχσνν).
1123 3046 1219 3128 Quod
1238 3057 1345 3112 lamen
1363 3067 1428 3111 non
1446 3047 1492 3110 ita
1508 3068 1644 3112 necesse
1663 3067 1734 3111 esse
1751 3047 1892 3128 videtur,
1911 3071 1993 3133 cum,
2060 3116 2065 3128 ,

185 3168 227 3211 ex
249 3146 477 3232 Xenophontis
499 3149 695 3224 narratione,
719 3148 848 3234 qualem
872 3171 960 3214 nnnc
988 3148 1188 3232 legimus.in
1214 3148 1410 3227 Hellenicis,
1440 3149 1612 3236 Lysander
1644 3159 1818 3237 quaereret
1852 3151 1994 3238 quidem,

183 3270 339 3337 responso
362 3261 472 3316 autern
494 3248 650 3316 Philoclis
671 3273 738 3316 non
759 3261 907 3338 respecto
935 3254 1044 3317 statim
1067 3252 1204 3339 juberet
1233 3275 1306 3317 eum
1335 3251 1492 3337 interfici,
1529 3251 1617 3340 quod
1637 3275 1659 3320 a
1686 3261 1802 3318 natura
1830 3253 1995 3340 Lysandri

183 3375 248 3418 non
269 3353 401 3418 videtur
423 3352 608 3420 abhorrere.
652 3356 764 3421 Potest
785 3378 900 3422 verum
923 3357 1022 3421 etiam
1044 3357 1138 3434 sumi,
1162 3354 1356 3436 Philoclem,
1385 3355 1562 3441 superbum
1592 3356 1772 3434 bominem,
1801 3377 1992 3442 responsum

184 3453 281 3540 plane
303 3477 369 3521 non
392 3456 522 3523 dedisse
545 3468 578 3523 et
600 3458 707 3523 denuo
729 3461 892 3548 ῥητορικῶς
920 3458 962 3524 ab
991 3458 1125 3546 llphcro
1153 3457 1236 3524 illud
1259 3481 1330 3525 esse
1357 3457 1523 3540 additum,
1549 3459 1636 3546 quod
1665 3459 1754 3546 apud
1782 3457 1993 3524 Plutarchum

184 3559 366 3645 legimus.⁸)
1879 3575 1890 3594 ¹

344 3833 367 3899 ¹)
385 3833 403 3889 l
422 3833 442 3887 l.
460 3835 521 3888 244.

320 3905 366 3986 =²)
386 3919 435 3972 cir.
454 3922 523 3988 quot
539 3919 667 3988 exempla
684 3919 782 3974 laudat
797 3919 876 3977 Aera.
894 3919 996 3975 lddller
1013 3921 1032 3978 l.
1050 3922 1068 3979 l.
1087 3923 1111 3989 5,
1129 3937 1195 3975 aun.
1212 3923 1237 3975 2.

341 4006 366 4071 ³)
384 4005 449 4060 Non
467 4009 543 4058 recte
560 4005 662 4060 Friclre
679 4004 698 4058 l.
715 4006 735 4063 l.
753 4007 787 4059 94
804 4005 883 4071 dicit,
902 4005 1081 4062 Plutarchum
1098 4015 1205 4074 ααοριιο
1223 4009 1279 4058 loeo
1297 4023 1386 4058 αοιιαιι
1404 4019 1490 4058 naves
1508 4001 1570 4058 cum
1590 4004 1703 4058 Conone
1727 4003 1866 4074 fugientes
1891 4005 1992 4063 lacere.

184 4121 217 4131 -
236 4090 293 4146 Gur
310 4091 396 4146 Grote
414 4095 527 4146 auctore
545 4091 630 4160 Lysia
647 4091 729 4158 (XXI
749 4095 792 4158 ll)
809 4093 904 4161 potius
920 4093 999 4146 uisus
1017 4092 1054 4146 sit
1071 4109 1154 4161 quam
1170 4089 1368 4160 Xenophonte,
1386 4104 1444 4142 non
1460 4088 1563 4157 liquet:
1583 4088 1652 4143 vm
1670 4089 1735 4144 2962
1753 4089 1826 4158 „Out
1843 4090 1875 4145 of
1888 4091 1927 4146 all
1944 4092 1993 4150 tha

183 4177 254 4231 total
271 4177 302 4230 oi
317 4179 376 4244 180,
394 4180 456 4246 only
473 4180 562 4230 twelve
578 4193 652 4230 were
670 4175 758 4231 found
774 4179 804 4230 in
813 4177 950 4232 tolerabis
968 4175 1116 4232 orderand
1134 4176 1341 4244 preparation,“
1358 4179 1389 4230 et
1405 4173 1544 4242 „Kouon's
1561 4177 1682 4244 attempt
1701 4190 1756 4228 was
1774 4175 1920 4244 desperate
1936 4180 1993 4235 and

184 4262 233 4317 the
250 4265 357 4315 utmost
374 4258 466 4314 which
483 4261 519 4314 he
536 4261 619 4315 could
636 4260 673 4316 do
691 4279 748 4316 was
766 4267 796 4316 to
815 4279 916 4332 escape
933 4262 1051 4317 himsell'
1064 4263 1132 4317 with
1149 4261 1199 4316 the
1216 4261 1299 4316 small
1316 4261 1458 4332 squadron
1476 4262 1508 4316 oi
1523 4265 1612 4315 tuales
1631 4261 1778 4330 including
1788 4260 1837 4316 the
1853 4263 1992 4336 parolus,“

184 4353 214 4402 st
231 4349 295 4402 297:
315 4346 434 4418 „Konou
453 4377 485 4386 -
504 4345 625 4416 sending
642 4347 692 4402 the
710 4349 822 4416 paralus
839 4347 908 4403 with
927 4365 1004 4404 some
1022 4347 1117 4403 others
1135 4349 1168 4414 cf
1182 4349 1223 4402 the
1241 4352 1330 4402 troclea
1347 4347 1465 4417 fugitive
1483 4348 1613 4403 triremes
1632 4351 1661 4400 to
1678 4347 1814 4401 Δώρου(

342 4437 367 4501 ⁴)
384 4432 524 4502 Exempla
540 4434 659 4502 praebet
677 4433 767 4502 Stura,
786 4437 840 4492 lex.
859 4435 991 4505 Xenoph.
1008 4435 1022 4489 1
1039 4435 1099 4492 291.

342 4521 365 4584 ⁵)
383 4521 402 4574 l.
419 4519 437 4576 l.
456 4519 499 4573 59.
537 4521 670 4590 Φιλίστωρ
686 4520 755 4575 4562
774 4519 806 4577 τὸ
825 4518 1007 4592 ἐρωτήσας
1023 4520 1084 4577 τότε
1103 4519 1189 4589 μόνον
1213 4519 1266 4589 ἔχει
1283 4518 1364 4590 λόγον
1382 4518 1418 4575 dv
1436 4518 1606 4590 dvsypdpero
1623 4515 1670 4572 aul
1684 4516 1829 4588 ἀπόκρισις
1847 4525 1898 4576 τοῦ
1911 4539 1991 4592 στρα-

183 4613 268 4680 τηγοῦ
287 4604 374 4677 ἐκείνη
391 4602 426 4678 ἧς
442 4605 606 4677 μνημονεύει
623 4607 638 4661 ὁ
654 4609 754 4662 Πλοατ.
773 4605 790 4677 ἢ
809 4605 877 4677 ἄλλη
895 4630 945 4677 τις,
963 4609 1034 4664 διότι
1051 4613 1135 4664 τοῦτο
1152 4605 1223 4663 εἶναι
1240 4605 1411 4676 ἀδιάφορον·
1430 4604 1501 4662 ἀλλὰ
1515 4602 1604 4675 γυμνὴ
1620 4599 1749 4674 ἐρώτησις
1762 4609 1813 4661 τοῦ
1827 4605 1993 4676 Λυσάνδρου

184 4692 252 4749 ἄνευ
269 4691 437 4762 ἀποκρίσεως
454 4697 504 4746 τοῦ
523 4697 678 4762 στρατηγοῦ
697 4691 767 4746 εἶναι
785 4691 979 4763 ἅαατανόητον
995 4699 1117 4764 πρᾶγμα.

342 4779 366 4848 ⁶)
384 4778 403 4830 l.
421 4777 438 4834 l.
458 4779 500 4846 93,
519 4779 585 4844 730;
605 4779 671 4845 105,
689 4779 761 4846 787·λ
773 4795 868 4849 progr.
886 4797 932 4850 pg.
953 4783 994 4834 21.

341 4866 367 4931 ⁷)
384 4861 493 4918 Eadem
506 4862 566 4933 jam
583 4861 702 4918 Weiskii
720 4863 813 4920 iuerat
830 4866 977 4920 sententia.
1011 4863 1106 4919 Etiam
1133 4865 1166 4920 L.
1184 4862 1307 4918 Dindori
1329 4862 1373 4918 ed.
1391 4863 1513 4918 Teubn.³
1545 4862 1612 4916 1888
1635 4877 1682 4932 pg.
1711 4859 1782 4916 XIV
1801 4877 1842 4930 sq.
1873 4861 1992 4917 similem

185 4948 335 5021 profitetur
353 4950 539 5016 sententiam
557 4949 647 5016 „mira
664 4949 751 5020 igitur
767 4950 966 5019 Xenophontis
984 4950 1078 5017 verba,
1096 4951 1121 5005 si
1139 4949 1208 5004 nihil
1226 4949 1272 5003 bio
1290 4948 1366 5002 desit
1375 4949 1390 4977 ‘¹

342 5035 368 5102 8)
388 5036 434 5090 Sic
451 5035 538 5089 Grote
555 5051 616 5088 rem
632 5033 777 5090 intellexit
794 5035 863 5090 VIII
880 5038 946 5091 299:
964 5034 1123 5104 „Philocles
1141 5033 1258 5090 taunted
1275 5034 1315 5103 by
1328 5031 1474 5103 Lysander
1490 5033 1559 5088 with
1576 5032 1619 5088 his
1638 5031 1714 5086 cruel
1733 5031 1880 5086 execution
1899 5032 1932 5086 of
1945 5035 1993 5091 the

186 5120 348 5177 Corinthiun
367 5121 422 5174 and
439 5121 566 5176 Andrian
584 5109 672 5174 orews
690 5121 833 5174 disdoiaed
850 5130 876 5173 to
894 5129 984 5176 retum
1001 5139 1055 5190 ααρ
1072 5139 1183 5188 ammo,
1201 5121 1254 5175 but
1269 5119 1370 5190 placed
1387 5119 1503 5175 himsell
1523 5120 1552 5174 in
1576 5116 1760 5186 conspicuous
1785 5120 1939 5173 restments
1964 5125 1994 5175 at

184 5206 233 5260 the
250 5205 324 5261 head
341 5202 374 5261 oi
386 5207 435 5261 the
452 5207 596 5275 prisoners
613 5205 661 5260 led
678 5211 728 5278 ont
745 5207 775 5259 to
792 5205 966 5274 execution“,
985 5224 1070 5278 quam
1082 5211 1177 5262 tamen
1189 5207 1407 5278 explicationem
1421 5205 1646 5262 Grosserlalssm
1660 5217 1721 5260 asse
1735 5201 1869 5260 affirmat:
1889 5205 1993 5274 „Grote

184 5291 235 5348 hat
252 5291 297 5348 die
314 5292 396 5348 liielre
414 5291 504 5347 falech
520 5291 718 5348 remtandeu.“
735 5321 770 5332 -
787 5289 821 5345 Ε.
839 5291 951 5348 Curtius
968 5291 997 5346 11
1014 5295 1066 5347 701
1083 5291 1263 5347 Plutarchum
1282 5295 1395 5347 secutus
1414 5297 1465 5348 est
