4820 6094
1229 516 1382 616 js*

363 732 366 746 ¹
397 719 516 786 fundit.
543 759 579 770 -
604 719 803 800 Diodorue1)
838 741 916 785 vero
939 719 1021 784 XIII
1039 721 1083 785 50
1106 723 1205 801 tres2)
1228 732 1340 787 narrat
1361 723 1460 788 luisse
1482 711 1733 789 Atheniensium
1756 734 1883 810 partes,
1907 723 2116 792 Alcibiadem
2137 751 2212 796 cum

397 845 463 888 una
485 831 696 909 praesectum
719 843 791 887 esse
814 822 1008 888 allecturum
1030 822 1103 888 host
1090 835 1139 890 tes
1170 847 1212 890 ex
1234 828 1366 911 portu³)
1390 825 1432 890 ad
1454 847 1613 912 pugnam,
1643 826 1883 891 Theramenem
1913 837 1946 891 et
1968 827 2210 916 Thrasybulum

397 947 471 990 cum
507 926 644 1013 reliquis
673 925 800 990 duabus
830 925 1106 992 Lacedaemonios
1135 928 1405 1010 circumvenisse,
1436 938 1506 993 tum
1539 929 1765 994 Mindarum
1755 953 1788 994 in
1813 929 2022 996 Alcibiadem
2053 935 2210 1021 impetum

394 1029 580 1094 facientem
596 1052 617 1094 a
637 1028 842 1093 Theramene
866 1037 899 1092 et
920 1028 1126 1115 Thrasybulo
1149 1030 1192 1094 ad
1215 1032 1330 1098 urbem
1353 1030 1509 1118 Cynicum
1526 1034 1629 1098 vectis
1651 1034 1750 1119 plane
1773 1033 1816 1097 ab
1838 1041 1929 1098 eaet
1951 1045 2088 1121 apertu
2111 1036 2211 1104 inter-

395 1131 522 1198 clusum
544 1143 577 1198 et
598 1141 745 1198 coactum
768 1155 839 1198 esse
858 1141 952 1197 extra
973 1131 1089 1198 urbem
1106 1155 1208 1200 naves
1226 1134 1401 1222 appellere,
1418 1134 1531 1221 ibique
1549 1135 1592 1199 ab
1615 1135 1763 1200 exercitu
1781 1133 1942 1223 classique
1960 1137 2211 1206 Atheniensium

396 1257 469 1302 esse
491 1235 666 1303 devictum

548 1337 720 1404 Nonnullis
749 1339 850 1424 igitur
879 1339 978 1405 rebus
1007 1361 1081 1405 cum
1112 1345 1196 1406 Xen.
1227 1350 1261 1406 et
1281 1339 1367 1407 Plut.
1398 1350 1580 1432 congruant
1607 1347 1716 1424 (extra
1745 1343 1833 1407 enim
1856 1351 1985 1429 portum
2009 1353 2086 1410 sunt
2107 1368 2209 1413 naves

393 1443 727 1509 Lacedaemoniorum
757 1442 868 1530 ibique
898 1443 940 1510 ab
963 1443 1136 1510 Alcibiade
1167 1444 1406 1532 adspiciuntur:
1435 1447 1652 1532 καθώφθησαν
1677 1482 1714 1494 -
1738 1453 1881 1537 καθορᾷ),
1905 1467 1989 1532 quae
2012 1447 2144 1513 diversa
2165 1451 2208 1516 ab

393 1547 457 1612 boo
478 1546 534 1612 ille
557 1555 668 1612 narrat
689 1545 786 1633 plane
808 1546 891 1610 falsa
911 1546 1067 1612 videntur
1088 1570 1171 1612 esse.
1216 1547 1388 1628 Quomodo
1411 1549 1498 1612 enim
1521 1548 1728 1633 factumest,
1751 1556 1787 1614 ut
1808 1547 1881 1614 Alc.
1904 1549 1947 1614 ab
1968 1549 2116 1616 hostibus
2139 1561 2208 1619 tum

392 1652 525 1718 demum
547 1660 736 1716 cerneretur
758 1652 924 1735 cumipse
942 1651 1013 1736 jam
1043 1651 1166 1717 dudum
1188 1652 1522 1717 Lacedaemoniorum
1546 1674 1647 1718 naves
1670 1651 1824 1734 vidisset,
1848 1673 1922 1716 cum
1945 1653 2048 1718 aciem
2067 1655 2138 1738 jam
2160 1657 2207 1719 in·

391 1756 565 1820 struxisset
591 1775 785 1840 pugnaeque
813 1765 926 1840 partes
956 1754 1198 1820 distribuisset?
1242 1759 1316 1842 Ipse
1345 1754 1461 1819 ridens
1483 1753 1740 1839 PeloponnesIos
1769 1776 1834 1819 non
1864 1756 1972 1841 potuit
1992 1777 2057 1820 non
2081 1756 2206 1844 adspici
2269 1824 2280 1836 .

392 1859 491 1924 etiam
514 1857 556 1922 ab
578 1859 672 1937 sisu,
717 1858 811 1938 Quae
833 1880 907 1922 cum
929 1867 1017 1923 reete
1041 1859 1221 1944 disputaret
1243 1853 1362 1920 Biichs.
1385 1856 1511 1922 addens
1533 1856 1741 1924 Alcibiadem
1766 1880 1808 1922 ex
1829 1854 1996 1923 Plutarchi
2020 1861 2207 1925 narratione

392 1962 704 2027 circumvenientem
722 1959 831 2027 hostes
849 1985 891 2028 ne
913 1963 1065 2052 fugerent
1085 1964 1191 2048 ipsum
1211 1961 1355 2026 effecisse
1374 1983 1487 2027 eorum
1504 1962 1625 2046 lugam,
1649 1983 1716 2027 non
1733 1983 1866 2048 prorsus
1888 1971 1978 2026 recte
1995 1962 2203 2030 Plutarchum

390 2067 591 2133 intellexisse
623 2065 703 2157 ririhi
732 2065 872 2132 videtur.
917 2066 982 2146 Qui
1011 2089 1080 2132 rem
1112 2069 1159 2131 ita
1187 2065 1297 2152 fingit:
1313 2061 1401 2130 Alc.
1433 2087 1508 2130 eum
1537 2067 1667 2130 timeret
1697 2086 1739 2129 ne
1761 2065 1839 2134 Lac.
1868 2066 2021 2151 fugerent
2041 2089 2115 2132 cum
2139 2075 2206 2132 tota

391 2171 488 2236 simul
510 2169 615 2235 classe
643 2171 672 2234 si
700 2170 807 2257 ipsum
829 2169 1046 2236 advehentem
1069 2170 1237 2252 viderent,
1267 2166 1349 2233 illud
1371 2177 1569 2254 stratagema
1590 2165 1739 2250 molitur3
1768 2168 1803 2233 id
1833 2170 1920 2234 euim
1944 2191 2042 2256 quam
2063 2171 2205 2236 maxime

390 2275 476 2360 agit,
506 2283 542 2339 ut
572 2295 644 2338 curn
674 2271 722 2336 eis
751 2282 890 2358 pugnet3
919 2273 1069 2339 manibus
1098 2272 1219 2339 deinde
1248 2272 1405 2337 consertis
1429 2271 1574 2337 adventu
1596 2268 1740 2358 reliquae
1764 2271 1876 2337 classis
1899 2272 2112 2339 Atheniensis
2135 2295 2202 2339 non

382 2375 470 2462 supa
493 2376 590 2441 modo
612 2375 671 2442 sed
693 2375 801 2440 clades
818 2375 1151 2441 Lacedaemoniorum
1170 2375 1318 2441 efficitur.
1363 2375 1414 2438 Ac
1431 2374 1520 2461 quod
1537 2374 1657 2439 deinde
1675 2373 1756 2438 dicit
1773 2375 1892 2440 Biichs.
1915 2374 2003 2461 apud
2021 2374 2204 2442 Diodorum

390 2479 530 2545 divisam
561 2501 632 2544 esse
664 2467 801 2543 classem
822 2479 1058 2560 Atheniensem
1084 2489 1120 2544 ut
1141 2477 1251 2547 hostes
1274 2502 1294 2544 a
1316 2489 1413 2565 portu
1434 2489 1641 2565 separentur,
1673 2478 1761 2565 apud
1784 2477 1993 2544 Plutarchum
2016 2479 2139 2544 oollam
2160 2480 2203 2546 ob

390 2589 536 2666 causam,
568 2604 643 2648 cum
671 2583 741 2648 fere
773 2581 925 2647 aelidem
948 2581 1062 2649 redeat
1090 2583 1293 2670 fugissentne
1314 2583 1565 2652 Lacedaemonii
1587 2567 1659 2646 tota*
1677 2580 1781 2647 classe
1807 2582 1999 2648 Atheniensi
2021 2582 2203 2650 advehente

388 2709 431 2752 an
449 2689 591 2773 primurn
608 2684 774 2751 Alcibiadi
791 2687 989 2750 restitissent
1006 2694 1038 2752 et
1054 2696 1168 2773 postea
1186 2689 1304 2754 ceteris
1321 2687 1470 2752 hostibus
1488 2685 1795 2771 supervenientibus
1812 2688 1922 2773 fugam
1941 2688 2202 2773 capessivisseut,

388 2810 430 2855 ne
452 2789 488 2855 id
508 2789 640 2877 quidem
670 2789 749 2854 satis
771 2799 860 2852 reete
894 2787 1081 2876 disputavit.
1125 2791 1269 2856 Auctore
1304 2792 1390 2854 enim
1413 2788 1589 2854 Plutarcho
1612 2787 1736 2854 cladem
1759 2788 1922 2856 efficiebat
1944 2789 2016 2854 Alc.
2039 2789 2202 2856 Lacedae·

388 2893 592 2976 mertiorum,
623 2915 696 2955 cum
718 2901 787 2955 tota
809 2889 906 2982 simul
938 2891 1041 2958 classe
1063 2894 1218 2978 impetum
1240 2896 1364 2961 faciens
1387 2917 1442 2958 eos
1457 2893 1615 2980 sapuerat,
1639 2915 1705 2981 qua
1727 2902 1835 2958 tamen
1857 2894 1936 2978 fuga
1956 2896 2074 2960 sanati
2095 2907 2200 2962 assem.

543 2995 679 3059 Minime
714 2995 815 3080 igitur
844 2995 974 3060 videtur
997 2996 1207 3061 statuendum
1244 3020 1316 3064 esse
1345 2996 1453 3062 eidem
1482 2996 1563 3060 fonti
1595 2995 1711 3060 deberi
1740 2997 1942 3061 uenationes
1971 2995 2139 3062 Plutarchi
2168 3007 2201 3062 et

388 3099 528 3166 Diodori
551 3119 626 3162 cum
649 3107 785 3184 uterque
809 3098 939 3162 diverso
963 3098 1059 3163 modo
1082 3109 1193 3165 narret
1214 3123 1356 3187 pugnarn
1380 3109 1516 3185 uterque
1541 3102 1638 3164 etiam
1661 3097 1836 3165 abhorreat
1857 3123 1877 3164 a
1899 3099 2129 3187 Xenophonte.

542 3201 609 3266 Sed
627 3200 737 3264 verbis
759 3223 889 3288 quoque
909 3203 991 3290 ipsis
1014 3224 1218 3270 communem
1241 3205 1364 3270 fontem
1387 3201 1484 3290 prodi
1505 3202 1587 3268 dicit
1607 3203 1759 3286 Busche„
1783 3225 1856 3268 cum
1879 3203 1966 3290 apud
1989 3203 2199 3272 Plutarchum

388 3315 422 3372 et
441 3304 625 3371 Diodorum
649 3303 800 3390 legantur
822 3305 924 3370 verba
946 3315 1176 3419 πρρκαλιῖσθαιι

593 3389 708 3471 (Plut.:
731 3393 928 3474 προυκαλεῖτο
950 3396 1019 3474 τούς
1041 3396 1222 3479 πολεμίους,
1235 3392 1352 3459 Diod:
1382 3393 1564 3476 βουλόμινος
1586 3391 1830 3477 προκαλέσασθαι
1854 3393 1923 3472 roric
1942 3395 2201 3478 Λακεδαιμονίους

594 3499 639 3574 εἰς
661 3497 853 3581 ναυμαχίαν)
968 3510 969 3519 ’

388 3608 421 3664 et
443 3607 661 3685 aaroppovsiv:

593 3700 707 3782 (Plut.:
731 3698 771 3788 [oi
794 3702 923 3786 Asara]
946 3739 986 3748 -—
1009 3739 1052 3748 -
1074 3703 1356 3789 καταφρονήσαντος
1378 3710 1441 3768 κτλ.
1464 3700 1579 3766 Diod:
1604 3705 1766 3786 Μίνδαρος
1790 3739 1829 3750 -
1856 3739 1894 3749 -
1918 3704 2136 3790 κατιφρόνησι)

385 3815 419 3872 et
441 3827 514 3871 curn
537 3802 712 3868 Plutarcho
734 3803 881 3868 dicente:

591 3907 631 3990 [oi
654 3906 901 3992 Λακεδαιμόνιοι]
923 3943 966 3956 -
991 3945 1028 3955 -
1052 3905 1271 3992 αντιξήλασαν,

385 4011 484 4079 Diod
507 4010 659 4076 similiter
682 4011 784 4074 dicat:
1283 4014 1287 4023 “

592 4117 754 4200 Μίνδαρος
776 4150 818 4160 -
841 4149 881 4159 -
904 4113 957 4178 riv
978 4115 1124 4178 ἐπίπλοον
1141 4112 1315 4200 Inorr'ouro.

542 4269 566 4332 ¹)
584 4266 620 4320 de
639 4281 693 4336 quo
711 4265 918 4319 accuratissime
936 4265 996 4335 egit
1012 4265 1099 4320 Brea.
1117 4264 1160 4324 rh,
1178 4285 1249 4324 mus
1268 4268 1320 4321 502
1338 4286 1398 4338 sqq.

540 4355 565 4424 ²)
582 4369 674 4420 neque
692 4367 758 4406 vero
776 4353 850 4418 duas,
868 4357 899 4404 ut
917 4351 963 4407 Gr.
983 4353 1042 4419 105,
1060 4354 1112 4406 730
1129 4336 1200 4407 dicit
1217 4353 1310 4421 (astaol
1328 4355 1367 4416 εἰς
1391 4356 1474 4423 τρία
1496 4353 1585 4426 μέρη
1611 4351 1789 4409 διείλοντο
1763 4373 1795 4408 το
1813 4351 1967 4420 ναυτικόν.)

539 4443 565 4508 ³)
583 4439 819 4494 Lacedaemonios
837 4436 947 4490 Diod.
937 4457 965 4490 sa
983 4445 1067 4507 portu
1086 4440 1178 4514 cyzici
1193 4440 1279 4494 luisse
1297 4439 1393 4508 tradit,
1411 4456 1465 4509 qua
1482 4455 1514 4494 re
1531 4457 1595 4494 eum
1613 4437 1696 4494 valde
1713 4437 1846 4493 recedere
1877 4441 1907 4490 et
1924 4455 1940 4490 a
1957 4435 2148 4506 Xenophonte
2166 4443 2195 4493 at

382 4549 400 4587 a
417 4528 569 4586 Plutarcho
586 4525 774 4581 contendat
745 4525 828 4578 etiarn
847 4531 946 4578 contra
963 4523 1136 4595 (dresserum,
1155 4527 1214 4594 105,
1233 4527 1301 4581 729;
1328 4526 1412 4595 „daea
1430 4524 1477 4579 bei
1494 4523 1574 4580 Diod.
1593 4525 1644 4580 der
1661 4523 1835 4594 standpunct
1852 4523 1903 4578 der
1920 4522 2192 4593 peloponnesischen

381 4617 460 4674 flotte
478 4618 514 4668 im
530 4613 623 4679 basau,
640 4611 687 4666 bei
706 4612 779 4665 Plut.
797 4610 855 4665 und
873 4611 946 4665 Xen.
963 4631 1012 4664 aar
1029 4611 1093 4665 dem
1110 4610 1196 4664 haten
1218 4611 1264 4679 ist,
1289 4612 1322 4664 iat
1348 4611 1537 4663 amhahtieh‘t
1570 4639 1602 4650 -
1632 4612 1667 4664 A.
1692 4611 1783 4666 Lares
1808 4611 1826 4665 1.
1854 4610 1888 4666 l.:
1921 4609 2033 4682 ,πόρρω
2061 4609 2116 4666 ἀπὸ
2141 4615 2194 4666 τοῦ

382 4703 490 4776 ὴμέρας
506 4700 577 4754 wird
595 4699 700 4753 eberiso
718 4699 771 4752 wie
788 4697 835 4751 bei
852 4696 985 4751 Plutarch
1002 4695 1057 4766 πρὸ
1076 4701 1126 4752 τοῦ
1144 4694 1250 4765 λιμένος
1268 4696 1443 4767 aulaufsssen
1461 4696 1547 4751 sein!

537 4791 563 4853 ⁴)
582 4785 631 4838 cfr.
649 4785 735 4838 Breit.
752 4783 794 4837 rh.
812 4801 881 4838 mus.
899 4787 960 4840 506.
980 4814 1011 4824 -
1031 4783 1119 4851 Quam
1136 4783 1257 4836 maxime
1274 4783 1393 4837 miratus
1412 4799 1472 4836 sum
1492 4781 1658 4836 Grosserum
1675 4797 1732 4835 non
1756 4781 1931 4836 intellexisse
1956 4781 2044 4836 verba
2069 4785 2105 4849 (ξ.
2133 4784 2192 4849 17);

380 4877 408 4933 ol
425 4871 642 4943 Πελοποννήσιοι
660 4870 767 4932 ἰδόνὶες
784 4868 835 4931 τὰς
851 4875 907 4925 τῶν
929 4869 1019 4940 libna.
1048 4869 1166 4939 τριήρεις
1192 4867 1278 4931 οὔσας
1302 4869 1448 4932 πλείους
1474 4889 1509 4924 τε
1534 4873 1650 4942 πολλῷ
1676 4865 1694 4938 ἢ
1726 4866 1913 4938 πρότερον.
1952 4868 2001 4922 cfr.
2034 4871 2092 4932 105,
2124 4869 2192 4924 781:

380 4959 505 5029 „woraul
517 4959 623 5014 kdnnte
641 4953 715 5011 wohl
734 4954 750 5024 ἢ
769 4955 904 5027 πρότερον
921 4956 1022 5009 andere
1041 4955 1144 5009 deuten
1163 4955 1204 5009 uls
1222 4955 1275 5021 aqs
1289 4955 1340 5006 dra
1357 4955 1499 5024 οοῖιριιοΙιι,
1517 4973 1557 5007 wo
1574 4953 1619 5007 die
1631 4953 1726 5023 Pelop.
1740 4967 1795 5008 von
1809 4951 1871 5008 Alli.
1889 4954 1943 5010 mit
1959 4970 2014 5008 nur
2026 4955 2062 5008 40
2075 4951 2193 5008 schillen

379 5045 600 5116 herausgelockt,
619 5043 664 5098 die
682 5041 833 5097 leindlieha
850 5041 930 5095 ilotte
945 5039 1108 5111 maneries
1123 5038 1196 5094 noch
1209 5039 1289 5094 nicht
1306 5041 1337 5094 in
1353 5037 1432 5094 ihrer
1449 5056 1558 5110 genuen
1571 5038 1666 5094 stis-lie
1679 5039 1925 5110 wahrgauummen
1936 5037 2071 5094 hatten?“
2090 5037 2192 5092 Veram

379 5132 609 5202 explicationem:
630 5131 782 5199 „majorem
800 5145 882 5198 quum
900 5129 930 5181 in
947 5145 1042 5198 pugna
1059 5126 1197 5196 Abydena
1214 5126 1306 5179 fuerat
1322 5127 1388 5180 anta
1406 5125 1558 5180 adrentum
1574 5123 1741 5181 Alcibiadis·
1743 5125 1926 5180 Theramenis
1952 5125 2139 5194 Thrasybuli“
2158 5143 2191 5180 ex

378 5221 418 5274 sis
436 5217 544 5274 discere
562 5207 657 5287 pstuit
674 5216 720 5272 Gr
740 5232 811 5284 quas
830 5215 910 5270 editt.
929 5213 1149 5280 adnotaverunt;
1168 5211 1217 5267 cfr.
1235 5209 1324 5268 Breit.
1341 5210 1385 5268 rh.
1402 5229 1472 5266 mus.
1498 5213 1559 5268 500.
1600 5211 1743 5282 nerstein,
1771 5209 1907 5266 zeitschr.
1937 5209 1955 5266 1.
1980 5211 2191 5266 Altarthumsw

379 5307 446 5360 1837
464 5305 537 5373 (IV),
557 5305 640 5370 1024·
658 5300 838 5357 Bruelsnerl.
858 5303 874 5358 l.
894 5302 959 5368 3953
980 5301 1011 5356 G.
1030 5299 1128 5368 Meyer
1145 5301 1187 5353 11.
