4820 6094
1075 489 1096 554 9

184 695 300 762 Dionis
323 693 563 782 chrysostomi,
595 697 736 762 auctoris
758 695 898 760 vitarum
922 695 953 760 X
977 685 1158 761 oratorum:
1190 695 1307 782 quibus
1336 697 1503 780 omnibus,
1534 719 1608 763 oum
1630 695 1814 784 Xenophon
1838 696 1985 762 laudatus

183 801 226 865 sit
246 801 358 880 δίκαιος
379 799 584 886 σιγγραφεός,
605 800 730 886 Ἀπιική
750 807 867 882 μοῦσα,
887 801 1019 888 μελίσση
1035 808 1112 880 eto,
1142 799 1275 885 prob'ari
1303 811 1420 887 putant
1439 800 1639 887 temporibus
1667 799 1795 864 illorum
1820 799 1984 864 hominurn

185 905 329 968 omnium
351 923 432 988 opus
454 900 682 987 Xenophontis
699 923 812 967 verum
836 904 907 990 (τήν
929 903 1137 990 πρωπότυπον)
1158 904 1319 968 exstitisse
1337 905 1443 991 iisque
1460 905 1653 986 innotuisse3
1677 925 1750 970 nam
1770 902 1862 968 adid
1883 901 1985 966 solum

184 1006 344 1094 quadrare
367 1005 479 1071 laudes
501 1002 593 1084 illas,
622 1026 706 1091 quae
735 1005 895 1071 absurdae
918 1015 1027 1071 essent
1049 1006 1075 1070 si
1098 1007 1300 1072 referrentur
1321 1006 1363 1072 ad
1387 1005 1557 1072 Hellenioa
1579 1007 1673 1072 nobis
1695 1005 1831 1088 tradita,
1861 1005 1903 1069 ab
1929 1005 1985 1070 ho·

185 1107 327 1174 minibus
349 1107 453 1174 doctis
474 1129 562 1172 nunc
583 1118 648 1172 tam
671 1129 770 1194 saepe
791 1117 922 1194 umque
944 1108 1061 1174 aeerhe
1083 1108 1276 1194 vituperata.
1714 1099 1717 1110 ’

338 1209 404 1276 Sed
427 1211 555 1298 judicia
584 1210 747 1278 rhetorica
775 1222 809 1276 et
830 1209 1022 1292 aesthetioa,
1051 1235 1134 1299 quae
1157 1212 1324 1296 dicuntur,
1353 1212 1482 1279 illorum
1512 1213 1679 1278 hominum
1702 1236 1722 1277 a
1747 1213 1866 1281 nostris
1889 1233 1985 1296 saepe

184 1314 355 1398 recedere,
384 1323 496 1379 nostra
524 1335 563 1378 ex
585 1316 749 1380 sententia
776 1313 850 1379 iilos
878 1337 976 1402 saepe
1006 1313 1088 1380 falso
1106 1313 1276 1402 judicare,
1306 1316 1392 1380 inter
1415 1338 1526 1380 omnes
1549 1327 1691 1398 constat3
1723 1317 1841 1402 ipsius,
1865 1323 1901 1378 ut
1924 1313 1985 1378 hoc

185 1416 333 1506 exemplo
363 1425 451 1494 utar,
487 1417 640 1504 Dionysii
669 1417 792 1482 Helie..
801 1417 961 1500 judicium
998 1417 1039 1484 de
1070 1416 1265 1504 Thucydide
1294 1417 1454 1504 prolatum
1489 1442 1555 1485 non
1584 1419 1625 1484 ab
1660 1419 1809 1484 omnibus
1839 1416 1986 1504 partibus

178 1525 304 1610 justum
327 1531 359 1586 et
380 1530 505 1586 rectum
528 1543 599 1586 esse
624 1519 664 1590 0.
685 1520 724 1586 G.
746 1519 898 1606 Krueger
919 1522 1039 1606 optime
1063 1529 1095 1584 et
1117 1519 1371 1586 luculentissime
1394 1522 1588 1608 probavit1).
1611 1559 1654 1570 -
1676 1521 1720 1586 Et
1741 1530 1896 1608 quantum
1920 1543 1988 1585 om-

183 1627 262 1692 nino
284 1625 484 1712 singulorum
506 1624 671 1689 bominum
694 1622 747 1689 vel
770 1625 1029 1690 doctissimorum
1053 1624 1262 1711 opinionibus
1291 1628 1333 1691 sit
1355 1625 1579 1710 tribuendum,
1603 1637 1762 1690 nostrates
1786 1624 1906 1711 optime
1928 1645 1986 1687 nos

183 1729 302 1796 docere
330 1739 479 1816 possunt:
510 1727 659 1793 Eundem
682 1729 949 1814 Xenophontem,
979 1750 1076 1814 quem
1106 1728 1145 1792 B.
1169 1729 1208 1794 G.
1233 1729 1381 1794 Niebuhr
1408 1729 1617 1796 acerbissime
1649 1739 1746 1815 atque
1776 1728 1986 1812 injustissime

184 1833 329 1920 profecto
351 1831 461 1897 multis
483 1829 604 1914 modis,
626 1832 823 1918 vituperavit
846 1843 879 1897 et
901 1830 1138 1918 objurgavit2),
1162 1833 1290 1920 quantis
1313 1833 1464 1898 leudibus
1487 1831 1733 1898 cumulaverunt
1753 1828 2009 1918 Deibrueok3),⁸

186 1937 358 2016 creutzer,
381 1935 487 2014 alii⁴)!

338 2038 469 2104 Deinde
498 2060 562 2125 quo
584 2039 776 2124 pramertim
806 2036 876 2102 loeo
905 2039 1052 2103 nituntur
1076 2037 1259 2126 Cyprianus
1289 2049 1322 2104 et
1351 2041 1505 2118 Grosser,
1536 2039 1633 2104 Dion.
1659 2037 1733 2103 Hal.
1767 2037 1810 2102 ad
1831 2037 1988 2121 Pomp.4

187 2165 220 2230 p.
246 2143 307 2208 ΠΒ
330 2141 368 2207 R.
392 2145 422 2222 ξ.
446 2139 503 2220 22,
534 2141 636 2206 verba
658 2142 704 2204 ita
732 2141 825 2205 utin
847 2139 1015 2206 codicibus
1045 2139 1198 2228 leguntur
1219 2142 1301 2208 feisa
1323 2165 1393 2208 esse
1416 2166 1436 2207 a
1458 2142 1495 2207 Ο.
1519 2142 1560 2207 G.
1583 2143 1754 2226 Kruegero
1771 2143 1841 2228 jam
1865 2139 1987 2204 dudum

186 2255 257 2312 erat
278 2245 448 2331 probatum
467 2247 513 2324 (in
531 2254 640 2309 annot.
663 2245 705 2308 ad
726 2243 762 2325 l.)
784 2244 819 2309 id
837 2244 929 2331 quod·
943 2243 1126 2330 Cyprianus
1149 2255 1182 2310 et
1200 2245 1337 2314 Grosser
1354 2246 1451 2334 piane
1469 2248 1618 2332 ignorare
1636 2244 1833 2324 videnturt).
1878 2242 1990 2306 Verba
2045 2241 2048 2260 '

185 2357 263 2414 sunt
284 2347 380 2414 baeu:
402 2349 481 2431 ὕψος
503 2351 538 2416 δὲ
559 2351 738 2442 καὶμοίλλος
760 2353 809 2415 καὶ
829 2351 1085 2438 μεγαλοπρέπειαν
1102 2352 1151 2416 καὶ
1168 2351 1204 2416 τό
1226 2352 1385 2436 λεγόμενον
1407 2353 1489 2430 ἰδίαις
1511 2351 1638 2434 πλάσμα
1660 2349 1807 2432 ἱστορικόν
1827 2348 1989 2446 Ἡρόδοτος

186 2451 263 2538 ἔχει·
285 2456 321 2520 ori
342 2454 399 2541 ydp
421 2455 516 2536 μόνον
536 2453 589 2518 οὐκ
621 2451 727 2537 ἴσχυσε
744 2451 782 2537 Ι[ό
803 2451 961 2538 Ξενοφῶν]
983 2459 1072 2518 τοῦτο
1095 2452 1163 2540 παρ’
1184 2454 1278 2520 αὐτοῦ
1300 2461 1413 2538 λαβεῖν,
1430 2453 1582 2520 α’λλόνκιῖν
1600 2479 1669 2518 ποτε
1688 2455 1827 2538 διεγεῖραι
1845 2437 1991 2540 βουληθῇ

185 2559 243 2643 τήν
264 2555 391 2644 φρόσιν,
412 2559 514 2643 ὀλίγον
534 2558 720 2640 ἐμπνεύσας,
747 2554 848 2645 ὥσπερ
869 2559 1005 2642 οἷπόγιιος
1026 2552 1105 2644 αὖρα
1127 2557 1244 2642 ταχέως
1267 2559 1438 2640 σβέννυται·
1458 2559 1700 2643 μακρότερος
1722 2556 1780 2642 γιλρ
1802 2557 1912 2640 γίνεται
1936 2557 1991 2618 τοῦ

185 2662 305 2739 (λέοντος
326 2663 375 2726 καλ
397 2667 453 2727 τοῦ
483 2660 646 2748 πρέποντος
675 2664 724 2725 καὶ
752 2661 811 2746 οὐχ
832 2663 874 2740 οἱς
896 2658 1055 2744 Ηρόδοτος
1076 2664 1241 2748 ἐφάπτεται
1263 2670 1325 2728 τῶν
1346 2664 1514 2750 προσώπων
1534 2665 1687 2746 εὐτυχῶς,
1715 2659 1783 2726 ἀλλ’
1812 2661 1845 2724 ἐν
1867 2655 1989 2734 πολλοῖς

185 2765 326 2851 όλιμορός
346 2768 428 2830 ἐστιν
448 2765 487 2830 όν
508 2793 551 2844 τις
573 2765 674 2852 ὀρθῶς
695 2771 801 2856 σκοπῇ.
844 2763 964 2828 Mirum
987 2763 1146 2851 estquod
1168 2787 1211 2830 ex
1232 2773 1299 2830 toto
1322 2764 1486 2845 hocloco,
1511 2765 1567 2846 qui
1588 2765 1731 2849 profecto
1754 2783 1820 2826 non
1843 2763 1888 2824 itu
1910 2755 1989 2822 mul·

185 2875 254 2932 tum
277 2866 382 2932 laudis
405 2868 564 2951 continet,
587 2865 669 2932 illud
697 2867 801 2933 sotum
831 2869 1034 2932 enuntiatum
1058 2891 1078 2932 a
1101 2867 1256 2932 Grosscro
1280 2877 1312 2932 et
1335 2865 1499 2954 Cypriano
1521 2865 1654 2932 allatum
1678 2875 1741 2947 est,
1771 2885 1835 2951 quo
1858 2860 1990 2927 dicendi

186 2993 289 3056 genus
321 2970 547 3056 Xenophontis
576 2971 742 3056 copiosum
772 2974 957 3060 nominatur
987 2973 1180 3059 (μακρότερος
1204 3009 1241 3020 -
1265 3010 1309 3020 -
1338 2972 1560 3058 npinovror)⁰).
1611 2969 1704 3049 Quae
1734 2967 1836 3033 verba
1867 2988 1926 3053 per
1954 2987 1989 3029 se

186 3079 256 3140 sola
276 3083 429 3159 spectata,
453 3075 686 3139 sententiarum
710 3097 860 3140 oonnexu
882 3072 979 3161 plane
1001 3073 1159 3160 neglecto,
1181 3074 1356 3161 probarent
1374 3097 1463 3158 sane,
1485 3073 1646 3161 Dionysio
1669 3072 1848 3138 innotuisse
1871 3069 1991 3154 scripta

186 3176 413 3265 Xenophontis
434 3179 482 3242 ita
503 3187 699 3263 comparata,
723 3188 759 3244 ut
776 3179 884 3244 multis
905 3180 985 3244 locis
1002 3179 1092 3268 justo
1115 3179 1217 3243 t'usius
1234 3201 1287 3244 res
1312 3189 1462 3244 narratae
1485 3187 1601 3244 essent.
1647 3177 1740 3257 Quae
1761 3173 1890 3241 etiamsi
1910 3194 1991 3237 vera

186 3283 338 3370 Dionysii
359 3283 519 3348 sententia
541 3294 641 3362 esset,
664 3291 774 3349 tamen
796 3284 847 3349 his
869 3286 979 3353 verbis
1001 3286 1102 3351 thesis
1123 3283 1181 3348 illa
1203 3282 1346 3348 noudum
1370 3282 1501 3369 probari
1523 3280 1604 3345 nihi
1625 3279 1802 3345 videretur.
1849 3277 1991 3340 Conten-

187 3387 299 3453 derem
328 3385 415 3451 euim
444 3393 561 3450 revera
589 3386 678 3473 apud
700 3387 966 3476 Xenophontem,
996 3411 1112 3455 revera
1141 3389 1239 3452 etiam
1261 3390 1297 3452 in
1320 3386 1500 3452 Hellenicis
1522 3382 1640 3450 multos
1662 3384 1803 3448 inveniri
1825 3380 1914 3446 looos
1937 3401 1990 3443 ue·

186 3489 327 3553 cessario
351 3489 561 3572 copiosiores;
591 3489 740 3556 afferrem
764 3490 942 3576 judicium,
974 3492 1062 3579 quod
1090 3473 1131 3556 de
1161 3490 1298 3556 ducibus
1326 3491 1368 3556 ad
1391 3489 1571 3575 Arginussas
1600 3489 1656 3575 qui
1684 3485 1832 3552 vicerant
1853 3483 1991 3548 Athenis

186 3591 377 3670 habebatur,
401 3591 549 3657 afferrem
572 3592 787 3658 Theramenis
805 3593 939 3676 exitum,
962 3595 1110 3662 afferrem
1133 3596 1353 3662 narrationem
1374 3593 1462 3659 iliam
1487 3594 1528 3658 de
1550 3593 1636 3678 Otye
1654 3603 1688 3657 et
1709 3590 1872 3678 Spiridate
1895 3597 1991 3674 atque

187 3693 253 3760 alia
273 3694 383 3760 multa
455 3681 463 3696 ’

342 3797 465 3863 Verum
503 3803 589 3865 enim
631 3822 711 3866 vero
742 3811 893 3865 accurate
924 3804 962 3882 sii
985 3804 1271 3889 consideramus7)
1300 3801 1402 3868 verba
1424 3799 1480 3864 illa
1501 3800 1671 3885 Dionysii,
1702 3796 1915 3884 intelligimus
1946 3797 1992 3860 eis

187 3905 370 3989 vituperari
392 3901 645 3990 Xenophontem
675 3903 762 3991 quod
791 3925 855 3969 non
885 3917 1052 3970 assecutus
1080 3909 1123 3970 sit
1150 3907 1230 3988 ὕψος
1263 3915 1296 3970 et
1317 3908 1424 3984 κάλλος
1442 3913 1475 3968 et
1496 3901 1624 3989 πλάσμα
1646 3903 1794 3990 ἱστορικόν
1814 3897 1990 3981 Herodoti;

188 4005 229 4071 ad
250 4027 336 4092 quae
354 4007 487 4072 minime
507 4005 690 4093 quadraret,
713 4007 742 4072 si
758 4008 855 4072 nimis
872 4009 941 4072 fuse
960 4008 1001 4073 de
1020 4007 1131 4074 multis
1148 4008 1247 4075 rebus
1266 4008 1391 4073 locutus
1419 4030 1489 4072 esse
1507 4007 1594 4071 idem
1613 4004 1795 4092 Xenophon
1820 4003 1993 4066 diceretur.

188 4109 272 4174 Nam
297 4132 371 4174 oum
395 4109 548 4175 historico
571 4112 628 4175 vix
651 4111 780 4176 crimini
803 4110 944 4176 dandum
969 4125 1069 4196 esset,
1094 4111 1298 4200 quodquam
1322 4111 1565 4177 accuratissime
1587 4121 1620 4174 et
1641 4107 1862 4196 copiosissime
1885 4106 1995 4172 omnia

189 4215 398 4292 enarraverit,
421 4223 489 4278 tum
513 4213 576 4279 hoe
598 4236 664 4280 non
687 4224 882 4300 congrueret
904 4237 976 4280 cum
1000 4216 1047 4280 eis
1069 4236 1153 4302 quae
1181 4215 1379 4280 antecedunt
1406 4218 1463 4288 κᾶν
1487 4243 1558 4282 ποτε
1580 4221 1659 4292 κτλ,
1683 4224 1780 4298 atque
1804 4209 1990 4297 Dionysius,

189 4316 248 4402 qui
270 4314 332 4380 hoo
353 4316 425 4404 ipso
449 4316 520 4381 ioco
542 4317 702 4384 Herodoti
724 4321 980 4409 μεγαλοπρέπειαν
1000 4318 1163 4402 laudavit,
1187 4317 1396 4404 Xenophonti
1425 4319 1589 4404 copiosam
1613 4301 1789 4382 dictionem
1811 4312 1992 4400 approbare

346 4488 369 4554 ¹)
387 4487 417 4540 iu
435 4485 503 4540 edit.
519 4488 836 4559 historiograpbioorum
853 4490 987 4560 Dionysii.
1022 4490 1073 4546 oir.
1091 4489 1119 4545 J.
1136 4485 1250 4544 CIasssn
1268 4488 1335 4542 edit
1354 4487 1493 4544 Thue.1²
1512 4503 1576 4558 pag.
1593 4486 1656 4541 LVI
1673 4501 1732 4556 sqq.

345 4574 368 4642 ²)
386 4573 429 4627 rb.
447 4591 517 4628 suus.
535 4573 549 4628 1
565 4579 656 4642 (isat)
676 4580 726 4629 194
743 4593 805 4646 sqq.

344 4659 370 4724 θ)
388 4659 574 4730 „Xenophon
609 4677 659 4715 sur
675 4665 791 4731 rettung
807 4662 901 4716 seiner
918 4661 1007 4718 durch
1025 4661 1057 4716 B.
1075 4662 1108 4716 G.
1125 4659 1255 4716 Niebuhr
1272 4659 1457 4730 getbbrdeten
1474 4661 1541 4716 ehre
1559 4658 1760 4732 dargestellt‘fl
1790 4663 1865 4714 1829.

347 4747 372 4813 ⁴)
391 4743 440 4800 etr.
458 4745 491 4800 (i.
510 4745 622 4817 Sauppe
639 4747 705 4804 edit
724 4745 827 4807 Tsuob
845 4747 887 4802 1v
905 4765 970 4818 pag.
987 4747 1029 4802 lx
1046 4764 1089 4815 sq.

345 4831 369 4898 ⁵)
386 4848 477 4902 nuno,
502 4849 597 4904 progr.
617 4838 649 4887 15
668 4833 716 4888 Gr.
734 4833 817 4890 dicit:
843 4833 907 4902 „dis
932 4833 1076 4904 conjector
1093 4832 1256 4904 μικρότερος
1280 4834 1415 4888 verwerse
1440 4832 1485 4887 ioh
1509 4851 1560 4884 οοιι
1575 4833 1685 4884 metam
1701 4830 1941 4899 stendpsettessj‘t
1959 4855 1992 4868 -

190 4917 343 4988 Cyprianus
365 4919 496 4989 Φιλίσιωρ
515 4923 580 4975 stt:
600 4919 657 4975 ἀλλ’
675 4917 727 4991 ἐγὼ
742 4919 786 4976 dd
803 4919 936 4990 φωνόζω,
955 4919 1006 4982 ἕως
1023 4917 1060 4975 ἂν
1077 4923 1127 4990 ζῶ,
1145 4912 1204 4984 πῶὲ
1220 4916 1316 4989 πρέπει
1334 4917 1370 4976 soi
1387 4921 1465 4990 μείνῃ
1482 4917 1515 4975 τό
1531 4917 1768 4988 μακρότερον.

345 5003 371 5070 ⁶)
389 5003 439 5058 cfr.
457 5003 563 5060 Haensl
579 5021 643 5076 pag.
663 5010 694 5061 t:
711 5003 870 5075 Xyprianos
894 5005 955 5060 halt
971 5004 1032 5059 sich
1049 5006 1149 5060 immer
1165 5021 1219 5059 nur
1236 5021 1273 5058 au
1291 5006 1345 5060 deu
1362 5008 1483 5058 wortlant
1500 5004 1551 5059 der
1568 5004 1712 5076 q'naeiusn
1730 5003 1819 5068 seue,
1837 4999 1910 5054 ohne
1937 5000 1992 5058 den

190 5089 426 5161 zusammeubang
443 5089 535 5147 dieser
548 5095 625 5146 sitae
643 5090 748 5146 sowohl
766 5097 850 5148 untes·
867 5090 1002 5146 einander
1019 5091 1061 5146 als
1079 5094 1132 5146 mit
1147 5091 1212 5146 dem
1229 5107 1337 5162 ganzen
1354 5089 1457 5159 capital
1475 5107 1508 5144 zu
1526 5090 1635 5160 prdfsu.
1670 5089 1718 5143 cfr.
1736 5103 1801 5157 pag.
1820 5093 1860 5142 10.

346 5177 372 5244 1)
388 5176 495 5232 Haeuel
511 5193 575 5248 pag.
594 5183 611 5232 6
629 5195 690 5250 sqq.
707 5181 797 5232 totum
821 5177 914 5232 locum
931 5177 1059 5248 Dionysii
1083 5182 1208 5232 traetsns
1227 5181 1303 5231 recte
1329 5191 1422 5232 veram
1441 5177 1500 5248 ejus
1519 5177 1687 5234 senteutiam
1711 5177 1808 5227 conus
1826 5173 1993 5242 cyprianum

189 5268 219 5317 et
236 5261 402 5318 Grosserum
420 5264 557 5334 exposuit.

1771 5351 1787 5397 λ
