4820 6094
1254 504 1408 605 *aa*

426 702 553 767 tineent
579 702 644 766 nisi
670 702 748 767 hoc:
779 702 851 769 Alc.
881 703 999 768 malum
1028 705 1248 773 conditionem
1277 709 1527 782 Atheniensium
1557 735 1600 779 ex
1617 703 1762 780 ¹castello
1790 737 1848 780 suo
1878 737 1951 782 cum
1978 716 2108 783 videret
2136 718 2238 785 duces

427 825 539 869 eorum
570 803 730 871 allocutus
762 815 821 870 est.
866 805 1013 872 Similem
1031 807 1155 874 laudat
1175 810 1315 882 Buechs.
1345 815 1452 880 locum
1475 816 1526 881 111
1555 821 1595 899 4,
1617 819 1661 883 25
1682 841 1768 906 sqq.,
1791 817 1856 885 ubi
1885 819 2009 906 Agesil.
2038 821 2082 886 ad
2109 819 2236 908 legatos

426 907 622 974 Tithraustis
644 929 828 974 sermonem
850 910 973 976 babens
995 909 1104 976 subito
1123 913 1342 982 Tithrausten
1364 919 1471 1005 ipsum
1501 922 1648 986 oratione
1668 931 1760 988 recta
1781 921 1971 1010 alloquitur;
1999 923 2115 989 similis
2137 926 2236 990 etiam

423 1019 475 1076 est
496 1011 586 1077 locus
609 1033 705 1100 quem
729 1011 745 1076 l
769 1010 805 1091 1,
835 1013 878 1077 35
899 1013 1053 1099 legimus:
1079 1013 1167 1103 Ἀγις
1195 1023 1235 1098 ἐκ
1256 1027 1326 1107 τῆς
1347 1025 1558 1105 Δεκελείας
1580 1026 1673 1092 idolo
1694 1033 1787 1093 πλοῖα
1814 1030 1912 1094 nolle?
1933 1030 2019 1096 σίτου
2040 1031 2082 1108 εἷς
2104 1034 2238 1117 Πειραιᾶ

423 1117 629 1196 καταθέοντα,
657 1116 770 1183 ovidio
798 1116 938 1202 ὄφελος
966 1117 1041 1205 ἔφη
1062 1117 1164 1187 εἶναι
1193 1161 1237 1171 -
1258 1123 1367 1210 εἴργειν
1388 1134 1451 1194 art.
1495 1127 1589 1208 Quae
1618 1127 1683 1193 duo
1705 1126 1859 1215 exempla
1879 1128 2105 1196 demonstrant
2125 1129 2235 1194 Xeno·

422 1216 578 1304 phontem
599 1240 665 1282 non
688 1217 855 1284 dubitasse
878 1241 918 1284 ea
936 1220 1095 1304 omittere,
1119 1227 1202 1310 quae
1219 1247 1279 1310 per
1296 1247 1332 1292 se
1349 1238 1462 1313 patere
1479 1230 1681 1296 viderentur.
1724 1228 1864 1298 Bueohs.
1884 1239 2004 1316 tamen,
2022 1254 2043 1297 a
2060 1230 2234 1298 Plutarcho

423 1322 488 1387 duo
510 1320 567 1386 illa
589 1321 692 1387 verba
712 1325 808 1416 (ἵππῳ
829 1326 1031 1409 προσελάσας)
1062 1348 1105 1389 ex
1127 1327 1191 1392 alio
1213 1329 1302 1396 fonte
1325 1331 1437 1398 addita
1466 1355 1538 1400 esse
1560 1336 1677 1400 ceteris
1700 1357 1742 1400 ex
1764 1333 1982 1421 Xenophonte
1998 1337 2136 1422 sumptis
2159 1356 2234 1400 con·

421 1424 576 1504 tendens,
607 1425 722 1490 eodem
745 1447 808 1511 quo
837 1447 966 1512 semper
988 1448 1096 1493 errore
1119 1438 1234 1516 captus
1255 1442 1320 1513 est,
1352 1457 1460 1522 neque
1481 1435 1663 1502 Diodorum
1693 1435 1838 1503 debebat
1860 1437 2024 1522 conferre,
2054 1439 2112 1524 qui
2131 1441 2233 1506 Ἀλκι-

420 1531 528 1613 perideo
549 1530 695 1608 ἐλθόντος
717 1527 829 1594 dicens
857 1527 939 1594 nihil
959 1529 1091 1615 probat3
1121 1538 1227 1620 nsque
1249 1534 1385 1620 Nepotis
1414 1537 1518 1602 verba
1548 1559 1622 1604 cum
1644 1538 1812 1633 Plutarchi
1840 1547 2028 1626 comparata
2048 1539 2232 1606 Bueehsen-

420 1631 622 1698 schuetzium
641 1637 774 1714 juvant,
799 1631 886 1718 quod
908 1640 1018 1698 tamen
1041 1656 1208 1721 exponere
1229 1635 1363 1722 longum
1386 1649 1443 1704 est.
2105 1699 2120 1714 .

576 1734 707 1800 Deinde
730 1757 774 1798 ex
795 1734 861 1799 fine
884 1735 913 1819 ξ.
937 1735 980 1800 25
1002 1736 1060 1801 ubi
1083 1760 1126 1804 ex
1149 1740 1303 1807 oratione
1319 1742 1452 1829 obliqua
1473 1744 1581 1810 subito
1605 1747 1763 1812 transitur
1784 1747 1818 1812 in
1840 1755 1963 1812 rectam
1987 1745 2145 1832 colligens
2174 1747 2231 1813 Gr.

402 1839 565 1905 nuncin
586 1836 770 1902 Hellenieis
796 1838 951 1924 reliquias
973 1848 1098 1904 tantum
1121 1843 1273 1908 exhiberi
1295 1845 1469 1912 verberum
1491 1846 1674 1913 Alcibiadis
1695 1851 1731 1913 in
1752 1870 1831 1915 vero
1853 1871 1952 1935 opere
1972 1858 2064 1914 recta
2084 1851 2231 1916 oratione

420 1943 623 2023 traditorum,
646 1940 743 2029 plane
767 1941 888 2008 oblitus
910 1964 981 2008 esre
1003 1944 1169 2030 videtur¹)
1193 1945 1293 2012 talem
1316 1949 1483 2020 transitum
1506 1973 1606 2038 saepe
1628 1960 1662 2014 et
1683 1950 1770 2038 apud
1793 1953 1874 2017 alios
1896 1953 2071 2040 scriptores
2088 1952 2231 2020 Graecos

420 2057 452 2113 et
473 2046 561 2133 apud
584 2044 835 2130 Xenophontem
857 2043 1007 2125 inreniri,
1032 2057 1067 2111 ut
1089 2049 1125 2112 in·
1145 2071 1224 2113 vero
1247 2051 1344 2114 etiam
1367 2072 1467 2137 opere
1488 2055 1536 2117 ita
1555 2054 1713 2139 seriptum
1735 2075 1806 2120 esse
1834 2055 1988 2140 posset²)
2031 2054 2160 2120 Eadem
2188 2055 2229 2122 de

417 2173 516 2216 causa
539 2148 676 2235 Cypr.³)
701 2147 836 2214 offendit
858 2149 894 2212 in
917 2149 1037 2228 verbis,
1062 2173 1145 2236 quae
1168 2151 1321 2238 leguntur
1341 2152 1358 2217 I
1382 2155 1411 2235 1,
1434 2155 1486 2237 28,
1509 2155 1552 2219 ad
1583 2177 1680 2242 quem
1710 2156 1818 2222 locum
1847 2155 1913 2222 alia
1944 2157 2042 2244 hujus
2074 2158 2230 2223 transitus

418 2251 570 2339 exempla
593 2273 635 2316 ex
657 2251 877 2338 Xenophonte
899 2251 1072 2342 desumpta
1093 2253 1272 2324 laudantur.
1288 2255 1330 2322 ab
1354 2257 1543 2334 editoribus,
1567 2260 1685 2344 quibus
1707 2258 1773 2324 alia
1794 2258 1899 2324 multa
1921 2259 1998 2324 addi
2020 2260 2202 2346 possunt.⁴)

570 2354 704 2420 Deinde
727 2355 795 2433 ur.
819 2355 988 2421 offendens
1010 2357 1044 2421 in
1067 2357 1169 2424 verbo
1191 2364 1378 2449 μεθορμίσαι
1408 2360 1555 2426 absolute
1579 2361 1666 2448 quod
1686 2361 1808 2428 dieitur
1824 2371 1989 2448 usurpato,
2002 2385 2043 2428 ex
2052 2360 2227 2428 Plutarcho

417 2460 583 2546 objectum
606 2461 662 2527 τόν
682 2457 793 2527 στόλον
815 2459 1003 2530 addendum
1025 2469 1118 2546 putat
1140 2463 1293 2528 omissum
1316 2465 1359 2528 ab
1382 2466 1605 2551 epitomatore,
1635 2472 1733 2550 atque
1756 2465 1871 2532 eadem
1900 2475 1951 2531 est
1980 2465 2142 2530 sententia
2166 2463 2229 2550 Cy-

415 2565 569 2652 priani.⁵)
612 2561 733 2627 Valent
754 2562 795 2627 de
811 2555 880 2627 'boc
903 2574 1094 2649 argumento
1117 2588 1202 2652 quae
1223 2588 1323 2653 supra
1345 2567 1490 2632 breviter
1512 2567 1553 2631 de
1574 2568 1655 2646 ἅπαξ
1675 2570 1843 2654 εἰρημένοις
1871 2569 2087 2654 ὥοροιαιίθ),
2110 2567 2226 2654 quibus

416 2668 502 2733 addc
524 2665 627 2754 (quod
647 2675 736 2731 recte
758 2666 934 2758 Buechnl)
958 2689 1090 2736 monere
1112 2669 1270 2754 videtur),
1294 2693 1333 2736 eo
1356 2671 1449 2758 quod
1465 2671 1546 2736 haec
1567 2693 1634 2735 vox
1656 2670 1805 2749 absolute
1826 2679 1981 2757 usurpata
1999 2672 2034 2735 in
2048 2692 2144 2735 usum
2160 2689 2225 2733 non

415 2769 522 2849 fuerit,
547 2792 617 2835 esse
639 2770 761 2834 factum
783 2778 821 2835 ut
841 2792 863 2833 a
879 2769 1052 2836 Plutarcho
1071 2771 1236 2857 objectum
1259 2774 1443 2840 adderetur.
1487 2771 1602 2838 Paullo
1624 2781 1700 2837 ante
1721 2772 1923 2838 simillimum
1944 2774 2023 2839 feeit
2044 2770 2144 2838 Plut:
2167 2791 2225 2856 pro

415 2877 585 2958 ε’ξεβίβασεν
607 2895 628 2936 a
648 2872 866 2956 Xenophonte
887 2873 1036 2939 absolute
1058 2876 1164 2961 posito
1188 2881 1229 2958 (ᾖ.
1253 2877 1308 2956 24)
1332 2876 1458 2941 dicens:
1481 2878 1550 2956 τούς
1572 2877 1757 2962 στρατιώτας
1778 2878 1941 2963 α’φῆκευ.8)
1973 2929 1979 2940 ε

570 2979 623 3042 Ex
646 2977 757 3042 verbis
780 2976 899 3042 deinde
922 2999 1006 3063 quae
1028 2977 1180 3063 leguntur
1201 2981 1235 3044 in
1258 2979 1287 3064 ξ
1311 2981 1367 3047 27:
1389 2977 1461 3067 ὅπερ
1479 2982 1600 3046 ἐποίουν
1617 2981 1694 3046 πολι)
1712 2985 1830 3062 μᾶλλον
1847 2979 1918 3046 καθ’
1938 2979 2070 3064 ἓκιίστην
2095 2977 2224 3064 ἡμέραν»

294 3141 298 3146 .
414 3079 514 3167 Gypr.
538 3080 711 3167 colligit⁹),
736 3081 769 3154 in
792 3101 891 3166 opere
913 3101 992 3145 vero
1015 3091 1200 3146 accuratam
1223 3082 1265 3147 de
1287 3081 1426 3168 singulis
1449 3082 1566 3147 diebus
1588 3079 1751 3148 exstitisse
1773 3083 1994 3147 narrationem
2023 3079 2152 3167 qualem
2175 3101 2225 3143 ex-

415 3181 526 3268 hibeat
554 3183 638 3248 Plut
662 3184 739 3270 Lys.
773 3183 823 3248 10.
862 3182 947 3248 ‘Sed
980 3182 1082 3248 verba
1117 3204 1200 3270 quae
1231 3205 1318 3250 nunc
1348 3187 1380 3249 in
1409 3183 1590 3248 Hellenieis
1622 3183 1777 3272 leguntur
1804 3183 1902 3272 plane
1937 3185 2111 3270 perspicua
2149 3192 2225 3246 sunt

413 3289 587 3374 omniaque
609 3287 657 3352 eis
680 3287 887 3352 continentur
909 3307 992 3374 quae
1014 3286 1155 3352 dicenda
1188 3298 1281 3352 erant
1308 3298 1343 3354 et
1372 3286 1568 3353 Plutarcbea
1598 3286 1657 3351 illa
1686 3310 1786 3374 supra
1809 3289 1878 3372 jam
1903 3285 2125 3372 judicavimus
2153 3283 2225 3349 rhe-

413 3402 517 3457 torem
538 3389 697 3457 redolere.

566 3494 606 3559 ln
628 3492 742 3558 eadem
764 3492 908 3578 denique
930 3493 956 3577 ᾗ.
981 3492 1095 3578 Gr.¹⁰)
1118 3492 1286 3558 desiderat
1305 3515 1436 3558 causam
1459 3513 1518 3558 eur
1539 3501 1666 3558 scutum
1690 3491 1761 3558 tolli
1772 3491 1910 3579 jusserit
1929 3491 2101 3578 Lysander
2124 3491 2225 3554 ineis

410 3600 553 3668 navibus
575 3620 659 3685 quae
680 3597 899 3662 Athenienses
922 3595 1145 3679 observarent,
1169 3617 1266 3680 quam
1288 3595 1376 3682 apud
1397 3595 1607 3661 Plutarchum
1640 3596 1718 3682 Lys.
1744 3596 1780 3658 11
1807 3594 1952 3661 additam
1974 3600 2132 3682 legamus,
2157 3593 2223 3660 ἒιιί-

412 3714 488 3772 ιιλου
509 3705 673 3787 σύμβολον.
725 3699 822 3779 Quod
844 3710 953 3764 tamen
976 3699 1233 3764 additamentum
1259 3721 1329 3764 non
1356 3698 1453 3764 modo
1481 3697 1580 3784 plane
1609 3719 1887 3784 supervacaneum
1917 3706 2003 3777 est‚·
2022 3719 2096 3763 oum
2126 3717 2224 3760 causa

412 3830 473 3894 per
494 3829 530 3872 sa
551 3802 762 3888 intelligatur,
785 3803 844 3867 sed
866 3803 964 3866 etiam
985 3803 1114 3884 falsum,
1139 3823 1211 3867 oum
1233 3806 1361 3872 ἐπίπλου
1395 3803 1523 3888 signum
1551 3824 1671 3866 revera
1698 3800 1781 3866 illud
1808 3821 1875 3868 non
1904 3798 2018 3886 fucrit,
2048 3799 2136 3887 quod
2164 3801 2222 3862 im-

410 3921 507 4000 petus
528 3907 672 3974 faciendi
694 3907 823 3992 signum
845 3905 922 3992 Lys.
946 3907 1016 3992 ipse
1040 3906 1219 3971 dat-etiam
1242 3905 1421 3972 secuudum
1439 3904 1606 3970 Plutarchi
1627 3893 1914 3985 narrationemss)

567 4011 704 4077 Cladem
724 4010 831 4096 ipsam
854 4009 1018 4074 simillime
1041 4031 1081 4075 ac
1104 4014 1187 4074 Xen.
1207 4010 1257 4094 ξς.
1275 4010 1316 4074 28
1335 4031 1382 4094 sq.
1398 4007 1490 4074 Plut.
1512 4008 1670 4074 describit
1690 4008 1766 4094 Lys.
1791 4009 1831 4076 ll
1856 4017 1889 4073 et
1911 4006 2058 4073 breviter
2078 4005 2152 4073 Alc.
2169 4007 2221 4073 37.

412 4117 519 4199 Quam
541 4117 721 4182 orationem
736 4112 940 4200 Lysandrum
965 4112 1118 4178 habuisse
1140 4112 1225 4177 Plut.
1248 4120 1370 4196 narrat,
1393 4116 1478 4177 Xen.
1501 4132 1567 4176 non
1589 4109 1735 4196 praebet
1778 4110 1843 4175 Pro
1864 4109 1975 4176 verbis
1992 4110 2221 4199 Xenophontis

412 4217 583 4314 συμπαρῄει
604 4222 639 4288 δὲ
661 4221 710 4286 κατ’
732 4219 842 4302 Θώραξ
864 4220 899 4285 sd
921 4220 1012 4299 πεζόν
1033 4217 1116 4302 ἔχων
1137 4216 1214 4281 Plut
1236 4215 1331 4280 dicit:
1361 4219 1538 4302 ἡμιλλῶντο
1565 4215 1596 4279 οἱ
1619 4217 1704 4295 πεζοὶ
1732 4216 1815 4298 παρα
1835 4215 1889 4280 τοι
1916 4215 2052 4300 αἰγιαλὸν
2080 4218 2130 4280 ἐπὶ
2162 4218 2222 4302 τήν

569 4427 592 4492 ¹)
611 4423 687 4492 quod
703 4427 799 4478 tamen
817 4438 848 4476 se
865 4421 939 4476 bene
956 4423 1028 4476 seire
1047 4421 1169 4476 affirmat
1187 4423 1246 4485 105,
1265 4423 1330 4486 738;
1350 4450 1393 4476 -,
1401 4436 1497 4490 progr.
1524 4422 1560 4473 20
1580 4418 1662 4490 hujus
1692 4417 1855 4472 mutationis
1885 4419 1990 4472 nullam
2014 4435 2127 4496 eausam
2158 4435 2221 4474 esse

410 4512 480 4571 dicit
496 4515 596 4580 („ganz
614 4510 828 4564 unmotirierter
845 4507 1009 4574 reomela„
1028 4505 1079 4560 sed
1096 4508 1233 4562 numsliis
1251 4507 1329 4573 locis,
1347 4524 1372 4562 v.
1386 4524 1409 4563 c.
1423 4507 1592 4574 Anabaseos,
1607 4505 1676 4559 haec
1690 4503 1808 4559 ιιιιὶαλίο
1821 4504 1913 4558 minus
1929 4508 1972 4558 est
1986 4506 2221 4574 „unmouvisrt‘u

568 4596 593 4662 ²)
612 4595 661 4650 cfr.
679 4593 940 4650 Buechsenscbuetz
959 4593 1013 4651 1.l.
1033 4595 1092 4646 242.
1284 4593 1327 4658 ⁸³)
1346 4592 1362 4648 l.
1382 4591 1401 4644 l.
1419 4593 1461 4647 54.
1793 4641 1798 4646 .

566 4683 591 4751 ⁴)
609 4681 658 4737 cfr.
677 4679 804 4750 Krueger
821 4679 851 4733 in
869 4680 962 4734 indice
979 4678 1022 4736 ad
1040 4679 1092 4734 An.
1113 4697 1138 4735 v.
1157 4679 1348 4748 „tibergang“;
1372 4677 1408 4730 ad
1425 4677 1539 4747 Dionys.
1558 4679 1625 4732 205:
1644 4677 1751 4746 ‚,Saepe
1770 4674 1870 4729 Graeci
1895 4691 1930 4730 ex
1954 4677 2081 4730 oratione
2107 4677 2221 4747 obliqua

409 4767 447 4826 ed
464 4771 571 4823 rectam
590 4769 754 4830 transeuut3
773 4767 821 4834 qui
839 4771 972 4835 quantum
990 4766 1020 4818 in
1037 4764 1091 4818 hae
1110 4783 1141 4819 re
1159 4765 1213 4818 sibi
1233 4763 1411 4833 indulserint,
1430 4764 1582 4819 ostendunt
1599 4762 1705 4832 optime
1723 4759 1842 4816 Thuls.1
1863 4763 1927 4830 1³93
1945 4763 2013 4816 Xen.
2027 4765 2099 4816 Heli.
2114 4765 2132 4814 I
2146 4769 2166 4830 1,
2180 4769 2216 4817 28

407 4853 462 4911 An.
481 4855 537 4922 13,
559 4855 606 4918 14;
627 4853 668 4904 16.
705 4851 753 4903 elr.
771 4850 912 4904 *Heindorf
928 4851 963 4905 ad
976 4849 1048 4906 Plst.
1067 4849 1142 4907 Prot.
1161 4851 1186 4921 ξ.
1205 4852 1238 4904 35
1256 4865 1303 4920 pg.
1321 4851 1399 4903 510.⁴‘

566 4941 590 5005 ⁶)
609 4938 628 4992 l.
645 4940 661 4996 1.
681 4953 745 5006 pag.
763 4939 804 4992 64.
1016 4939 1233 5008 ⁶)pug.15sq.
1444 4935 1623 5000 ἵ)1.1.243.

568 5027 591 5094 ⁸)
610 5023 672 5080 Non
690 5024 758 5077 satis
776 5027 854 5078 recte
871 5023 990 5080 Buechs.
1009 5025 1077 5078 dicit
1095 5042 1112 5078 a
1129 5023 1278 5079 Plutarcho
1297 5021 1439 5092 objectum
1457 5038 1519 5076 esse
1538 5020 1664 5076 additum
1682 5021 1768 5076 verbo
1787 5019 1953 5093 ἐκβιβάζειν,
1968 5033 2030 5074 cum
2045 5019 2128 5088 plane
2143 5021 2219 5077 aliud
2237 5072 2243 5086 ,

407 5095 522 5150 verbum
540 5095 588 5148 ille
605 5093 789 5162 usurpaverit

559 5181 589 5241 λ)
607 5179 626 5232 l.
646 5179 664 5230 l.
683 5197 745 5248 pag.
764 5181 807 5232 58.
1019 5180 1059 5245 ¹⁰)
1077 5179 1095 5236 l.
1114 5179 1134 5238 l.
1152 5181 1195 5241 93,
1214 5179 1265 5232 729
1283 5196 1324 5248 sq.

548 5266 589 5332 ¹¹)
608 5264 658 5319 cfr.
677 5263 937 5320 Buechsensehuetz
956 5265 974 5318 l.
992 5265 1087 5319 1.·244.
