<?xml version="1.0" encoding="UTF-8"?>
<!DOCTYPE html PUBLIC "-//W3C//DTD XHTML 1.0 Transitional//EN"
    "http://www.w3.org/TR/xhtml1/DTD/xhtml1-transitional.dtd">
<html xmlns="http://www.w3.org/1999/xhtml" xml:lang="en" lang="en">
 <head>
  <title>
</title>
<meta http-equiv="Content-Type" content="text/html;charset=utf-8" />
  <meta name='ocr-system' content='tesseract 3.04.00' />
  <meta name='ocr-capabilities' content='ocr_page ocr_carea ocr_par ocr_line ocrx_word'/>
</head>
<body>
  <div class='ocr_page' id='page_1' title='image "./dexenophontishe00vollgoog_0047.png"; bbox 0 0 4820 6094; ppageno 0'>
   <div class='ocr_carea' id='block_1_1' title="bbox 1341 527 1385 591">
    <p class='ocr_par' dir='ltr' id='par_1_1' title="bbox 1341 527 1385 591">
     <span class='ocr_line' id='line_1_1' title="bbox 1341 527 1385 591; baseline 0 0"><span class='ocrx_word' id='word_1_1' title='bbox 1341 527 1385 591; x_wconf 84' lang='lat'><strong>44</strong></span> 
     </span>
    </p>
   </div>
   <div class='ocr_carea' id='block_1_2' title="bbox 1286 617 1441 628">
    <p class='ocr_par' dir='ltr' id='par_1_2' title="bbox 1286 617 1441 628">
     <span class='ocr_line' id='line_1_2' title="bbox 1286 617 1441 628; baseline -0.006 0"><span class='ocrx_word' id='word_1_2' title='bbox 1286 617 1441 628; x_wconf 75' lang='lat'>——=——</span> 
     </span>
    </p>
   </div>
   <div class='ocr_carea' id='block_1_3' title="bbox 458 731 2269 1955">
    <p class='ocr_par' dir='ltr' id='par_1_3' title="bbox 458 731 2269 1338">
     <span class='ocr_line' id='line_1_3' title="bbox 458 731 2268 819; baseline -0.002 -19"><span class='ocrx_word' id='word_1_3' title='bbox 458 732 633 800; x_wconf 90' lang='lat' dir='ltr'><strong>inserenda</strong></span> <span class='ocrx_word' id='word_1_4' title='bbox 653 741 748 819; x_wconf 88' lang='lat' dir='ltr'><strong>putat</strong></span> <span class='ocrx_word' id='word_1_5' title='bbox 770 741 867 819; x_wconf 91' lang='lat' dir='ltr'><strong>atque</strong></span> <span class='ocrx_word' id='word_1_6' title='bbox 890 732 1001 796; x_wconf 88' lang='lat' dir='ltr'><strong>mirari</strong></span> <span class='ocrx_word' id='word_1_7' title='bbox 1024 753 1059 796; x_wconf 91' lang='lat' dir='ltr'><strong>se</strong></span> <span class='ocrx_word' id='word_1_8' title='bbox 1082 731 1163 797; x_wconf 86' lang='lat' dir='ltr'><strong>dicit</strong></span> <span class='ocrx_word' id='word_1_9' title='bbox 1185 737 1271 818; x_wconf 89' lang='lat' dir='ltr'><strong>quod</strong></span> <span class='ocrx_word' id='word_1_10' title='bbox 1292 733 1432 803; x_wconf 85' lang='lat' dir='ltr'><strong>Busche.</strong></span> <span class='ocrx_word' id='word_1_11' title='bbox 1463 733 1526 812; x_wconf 82' lang='lat' dir='ltr'><strong>hoc</strong></span> <span class='ocrx_word' id='word_1_12' title='bbox 1554 741 1660 818; x_wconf 85' lang='lat' dir='ltr'><strong>neget</strong></span> <span class='ocrx_word' id='word_1_13' title='bbox 1711 733 1790 798; x_wconf 85' lang='lat' dir='ltr'><strong>Sine</strong></span> <span class='ocrx_word' id='word_1_14' title='bbox 1812 732 1918 802; x_wconf 77' lang='lat' dir='ltr'><strong>‚dubio</strong></span> <span class='ocrx_word' id='word_1_15' title='bbox 1946 749 2011 798; x_wconf 86' lang='lat' dir='ltr'><strong>non</strong></span> <span class='ocrx_word' id='word_1_16' title='bbox 2039 735 2211 798; x_wconf 87' lang='lat' dir='ltr'><strong>miraretur</strong></span> <span class='ocrx_word' id='word_1_17' title='bbox 2238 735 2268 797; x_wconf 89' lang='lat' dir='ltr'><strong>si</strong></span> 
     </span>
     <span class='ocr_line' id='line_1_4' title="bbox 459 834 2268 923; baseline -0.001 -19"><span class='ocrx_word' id='word_1_18' title='bbox 459 837 663 918; x_wconf 78' lang='lat' dir='ltr'><strong>concederet,</strong></span> <span class='ocrx_word' id='word_1_19' title='bbox 687 835 785 921; x_wconf 90' lang='lat' dir='ltr'><strong>(quod</strong></span> <span class='ocrx_word' id='word_1_20' title='bbox 807 845 916 900; x_wconf 87' lang='lat' dir='ltr'><strong>tamen</strong></span> <span class='ocrx_word' id='word_1_21' title='bbox 939 856 1046 921; x_wconf 92' lang='lat' dir='ltr'><strong>neque</strong></span> <span class='ocrx_word' id='word_1_22' title='bbox 1068 834 1139 900; x_wconf 85' lang='lat' dir='ltr'><strong>vult</strong></span> <span class='ocrx_word' id='word_1_23' title='bbox 1161 857 1268 921; x_wconf 88' lang='lat' dir='ltr'><strong>neque</strong></span> <span class='ocrx_word' id='word_1_24' title='bbox 1290 845 1399 923; x_wconf 91' lang='lat' dir='ltr'><strong>potest</strong></span> <span class='ocrx_word' id='word_1_25' title='bbox 1422 857 1509 918; x_wconf 86' lang='lat' dir='ltr'><strong>„von</strong></span> <span class='ocrx_word' id='word_1_26' title='bbox 1531 837 1655 900; x_wconf 89' lang='lat' dir='ltr'><strong>seinem</strong></span> <span class='ocrx_word' id='word_1_27' title='bbox 1685 836 1952 923; x_wconf 89' lang='lat' dir='ltr'><strong>standpunete“)‚</strong></span> <span class='ocrx_word' id='word_1_28' title='bbox 1982 857 2023 900; x_wconf 93' lang='lat' dir='ltr'><strong>ea</strong></span> <span class='ocrx_word' id='word_1_29' title='bbox 2044 837 2148 901; x_wconf 87' lang='lat' dir='ltr'><strong>omitti</strong></span> <span class='ocrx_word' id='word_1_30' title='bbox 2177 859 2268 922; x_wconf 81' lang='lat' dir='ltr'><strong>posse</strong></span> 
     </span>
     <span class='ocr_line' id='line_1_5' title="bbox 459 937 2269 1027; baseline -0.002 -21"><span class='ocrx_word' id='word_1_31' title='bbox 459 965 479 1007; x_wconf 87' lang='lat' dir='ltr'><strong>a</strong></span> <span class='ocrx_word' id='word_1_32' title='bbox 500 942 659 1027; x_wconf 91' lang='lat' dir='ltr'><strong>scriptore</strong></span> <span class='ocrx_word' id='word_1_33' title='bbox 682 960 766 1024; x_wconf 89' lang='lat' dir='ltr'><strong>quae</strong></span> <span class='ocrx_word' id='word_1_34' title='bbox 788 960 849 1024; x_wconf 90' lang='lat' dir='ltr'><strong>per</strong></span> <span class='ocrx_word' id='word_1_35' title='bbox 870 960 905 1002; x_wconf 90' lang='lat' dir='ltr'><strong>se</strong></span> <span class='ocrx_word' id='word_1_36' title='bbox 927 937 1155 1023; x_wconf 87' lang='lat' dir='ltr'><strong>intelliguntur</strong></span> <span class='ocrx_word' id='word_1_37' title='bbox 1176 961 1197 1002; x_wconf 91' lang='lat' dir='ltr'><strong>a</strong></span> <span class='ocrx_word' id='word_1_38' title='bbox 1218 959 1421 1026; x_wconf 87' lang='lat' dir='ltr'><strong>quocumque</strong></span> <span class='ocrx_word' id='word_1_39' title='bbox 1442 941 1514 1006; x_wconf 87' lang='lat' dir='ltr'><strong>sani</strong></span> <span class='ocrx_word' id='word_1_40' title='bbox 1536 940 1661 1025; x_wconf 89' lang='lat' dir='ltr'><strong>ingenii</strong></span> <span class='ocrx_word' id='word_1_41' title='bbox 1684 938 1822 1004; x_wconf 92' lang='lat' dir='ltr'><strong>homine.</strong></span> <span class='ocrx_word' id='word_1_42' title='bbox 1868 939 1951 1002; x_wconf 88' lang='lat' dir='ltr'><strong>Nam</strong></span> <span class='ocrx_word' id='word_1_43' title='bbox 1974 938 2015 1003; x_wconf 86' lang='lat' dir='ltr'><strong>de</strong></span> <span class='ocrx_word' id='word_1_44' title='bbox 2044 938 2114 1003; x_wconf 89' lang='lat' dir='ltr'><strong>sola</strong></span> <span class='ocrx_word' id='word_1_45' title='bbox 2144 939 2269 1025; x_wconf 88' lang='lat' dir='ltr'><strong>praeda</strong></span> 
     </span>
     <span class='ocr_line' id='line_1_6' title="bbox 458 1041 2266 1129; baseline -0.002 -18"><span class='ocrx_word' id='word_1_46' title='bbox 458 1048 594 1110; x_wconf 87' lang='lat' dir='ltr'><strong>asiatica</strong></span> <span class='ocrx_word' id='word_1_47' title='bbox 615 1042 752 1129; x_wconf 85' lang='lat' dir='ltr'><strong>cogitari</strong></span> <span class='ocrx_word' id='word_1_48' title='bbox 773 1063 869 1128; x_wconf 90' lang='lat' dir='ltr'><strong>posse</strong></span> <span class='ocrx_word' id='word_1_49' title='bbox 893 1041 948 1107; x_wconf 83' lang='lat' dir='ltr'><strong>Gr.</strong></span> <span class='ocrx_word' id='word_1_50' title='bbox 972 1050 1006 1106; x_wconf 92' lang='lat' dir='ltr'><strong>et</strong></span> <span class='ocrx_word' id='word_1_51' title='bbox 1028 1041 1127 1128; x_wconf 82' lang='lat' dir='ltr'><strong>prr.</strong></span> <span class='ocrx_word' id='word_1_52' title='bbox 1150 1043 1215 1127; x_wconf 90' lang='lat' dir='ltr'><strong>ipsi</strong></span> <span class='ocrx_word' id='word_1_53' title='bbox 1237 1042 1429 1122; x_wconf 76' lang='lat' dir='ltr'><strong>concedunt,</strong></span> <span class='ocrx_word' id='word_1_54' title='bbox 1453 1065 1526 1108; x_wconf 89' lang='lat' dir='ltr'><strong>cum</strong></span> <span class='ocrx_word' id='word_1_55' title='bbox 1555 1043 1589 1107; x_wconf 88' lang='lat' dir='ltr'><strong>in</strong></span> <span class='ocrx_word' id='word_1_56' title='bbox 1618 1063 1730 1128; x_wconf 83' lang='lat' dir='ltr'><strong>pugne</strong></span> <span class='ocrx_word' id='word_1_57' title='bbox 1752 1041 1931 1106; x_wconf 81' lang='lat' dir='ltr'><strong>Coronensi</strong></span> <span class='ocrx_word' id='word_1_58' title='bbox 1954 1051 2085 1108; x_wconf 87' lang='lat' dir='ltr'><strong>eentum</strong></span> <span class='ocrx_word' id='word_1_59' title='bbox 2107 1041 2266 1108; x_wconf 74' lang='lat' dir='ltr'><strong>talentum</strong></span> 
     </span>
     <span class='ocr_line' id='line_1_7' title="bbox 459 1143 2268 1235; baseline -0.003 -23"><span class='ocrx_word' id='word_1_60' title='bbox 459 1148 615 1235; x_wconf 86' lang='lat' dir='ltr'><strong>praedam</strong></span> <span class='ocrx_word' id='word_1_61' title='bbox 637 1154 784 1210; x_wconf 87' lang='lat' dir='ltr'><strong>coactam</strong></span> <span class='ocrx_word' id='word_1_62' title='bbox 807 1164 872 1208; x_wconf 92' lang='lat' dir='ltr'><strong>non</strong></span> <span class='ocrx_word' id='word_1_63' title='bbox 895 1163 966 1208; x_wconf 90' lang='lat' dir='ltr'><strong>esse</strong></span> <span class='ocrx_word' id='word_1_64' title='bbox 988 1147 1140 1229; x_wconf 87' lang='lat' dir='ltr'><strong>pateat1).</strong></span> <span class='ocrx_word' id='word_1_65' title='bbox 1193 1143 1308 1232; x_wconf 91' lang='lat' dir='ltr'><strong>itaque</strong></span> <span class='ocrx_word' id='word_1_66' title='bbox 1337 1146 1401 1210; x_wconf 89' lang='lat' dir='ltr'><strong>tria</strong></span> <span class='ocrx_word' id='word_1_67' title='bbox 1431 1144 1488 1210; x_wconf 93' lang='lat' dir='ltr'><strong>illa</strong></span> <span class='ocrx_word' id='word_1_68' title='bbox 1515 1144 1617 1210; x_wconf 85' lang='lat' dir='ltr'><strong>verba</strong></span> <span class='ocrx_word' id='word_1_69' title='bbox 1650 1145 1861 1231; x_wconf 85' lang='lat' dir='ltr'><strong>Xenophonti</strong></span> <span class='ocrx_word' id='word_1_70' title='bbox 1901 1143 2064 1210; x_wconf 75' lang='lat' dir='ltr'><strong>addentur</strong></span> <span class='ocrx_word' id='word_1_71' title='bbox 2102 1166 2145 1209; x_wconf 88' lang='lat' dir='ltr'><strong>ne</strong></span> <span class='ocrx_word' id='word_1_72' title='bbox 2184 1144 2268 1208; x_wconf 93' lang='lat' dir='ltr'><strong>mihi</strong></span> 
     </span>
     <span class='ocr_line' id='line_1_8' title="bbox 460 1246 911 1338; baseline -0.016 -21"><span class='ocrx_word' id='word_1_73' title='bbox 460 1251 591 1338; x_wconf 89' lang='lat' dir='ltr'><strong>quidem</strong></span> <span class='ocrx_word' id='word_1_74' title='bbox 615 1269 749 1314; x_wconf 89' lang='lat' dir='ltr'><strong>necesse</strong></span> <span class='ocrx_word' id='word_1_75' title='bbox 771 1246 911 1312; x_wconf 87' lang='lat' dir='ltr'><strong>videtur.</strong></span> 
     </span>
    </p>

    <p class='ocr_par' dir='ltr' id='par_1_4' title="bbox 458 1347 2269 1955">
     <span class='ocr_line' id='line_1_9' title="bbox 614 1347 2269 1439; baseline -0.003 -21"><span class='ocrx_word' id='word_1_76' title='bbox 614 1351 824 1418; x_wconf 74' lang='lat' dir='ltr'><strong>Narrationes</strong></span> <span class='ocrx_word' id='word_1_77' title='bbox 854 1350 955 1435; x_wconf 91' lang='lat' dir='ltr'><strong>igitur</strong></span> <span class='ocrx_word' id='word_1_78' title='bbox 985 1347 1152 1415; x_wconf 88' lang='lat' dir='ltr'><strong>Plutarchi</strong></span> <span class='ocrx_word' id='word_1_79' title='bbox 1182 1360 1215 1415; x_wconf 92' lang='lat' dir='ltr'><strong>et</strong></span> <span class='ocrx_word' id='word_1_80' title='bbox 1242 1352 1470 1439; x_wconf 89' lang='lat' dir='ltr'><strong>Xenophontis</strong></span> <span class='ocrx_word' id='word_1_81' title='bbox 1497 1351 1539 1416; x_wconf 91' lang='lat' dir='ltr'><strong>de</strong></span> <span class='ocrx_word' id='word_1_82' title='bbox 1568 1351 1630 1418; x_wconf 86' lang='lat' dir='ltr'><strong>hec</strong></span> <span class='ocrx_word' id='word_1_83' title='bbox 1657 1373 1771 1438; x_wconf 88' lang='lat' dir='ltr'><strong>pugna</strong></span> <span class='ocrx_word' id='word_1_84' title='bbox 1798 1359 2023 1436; x_wconf 85' lang='lat' dir='ltr'><strong>comparantes</strong></span> <span class='ocrx_word' id='word_1_85' title='bbox 2050 1351 2191 1436; x_wconf 89' lang='lat' dir='ltr'><strong>primum</strong></span> <span class='ocrx_word' id='word_1_86' title='bbox 2220 1351 2269 1414; x_wconf 92' lang='lat' dir='ltr'><strong>in-</strong></span> 
     </span>
     <span class='ocr_line' id='line_1_10' title="bbox 458 1451 2267 1541; baseline -0.004 -17"><span class='ocrx_word' id='word_1_87' title='bbox 458 1461 607 1524; x_wconf 76' lang='lat' dir='ltr'><strong>venimus</strong></span> <span class='ocrx_word' id='word_1_88' title='bbox 629 1455 718 1520; x_wconf 91' lang='lat' dir='ltr'><strong>idem</strong></span> <span class='ocrx_word' id='word_1_89' title='bbox 740 1453 827 1538; x_wconf 89' lang='lat' dir='ltr'><strong>quod</strong></span> <span class='ocrx_word' id='word_1_90' title='bbox 849 1453 946 1516; x_wconf 89' lang='lat' dir='ltr'><strong>etiam</strong></span> <span class='ocrx_word' id='word_1_91' title='bbox 970 1455 1088 1518; x_wconf 90' lang='lat' dir='ltr'><strong>ceteris</strong></span> <span class='ocrx_word' id='word_1_92' title='bbox 1110 1452 1190 1518; x_wconf 90' lang='lat' dir='ltr'><strong>loeis</strong></span> <span class='ocrx_word' id='word_1_93' title='bbox 1211 1453 1443 1536; x_wconf 83' lang='lat' dir='ltr'><strong>intelleximus,</strong></span> <span class='ocrx_word' id='word_1_94' title='bbox 1466 1453 1622 1519; x_wconf 91' lang='lat' dir='ltr'><strong>nonnulle</strong></span> <span class='ocrx_word' id='word_1_95' title='bbox 1645 1454 1776 1541; x_wconf 90' lang='lat' dir='ltr'><strong>quidem</strong></span> <span class='ocrx_word' id='word_1_96' title='bbox 1799 1452 1915 1518; x_wconf 89' lang='lat' dir='ltr'><strong>eadem</strong></span> <span class='ocrx_word' id='word_1_97' title='bbox 1937 1461 2033 1538; x_wconf 92' lang='lat' dir='ltr'><strong>atque</strong></span> <span class='ocrx_word' id='word_1_98' title='bbox 2052 1451 2175 1517; x_wconf 86' lang='lat' dir='ltr'><strong>eisdem</strong></span> <span class='ocrx_word' id='word_1_99' title='bbox 2195 1473 2267 1516; x_wconf 89' lang='lat' dir='ltr'><strong>ver-</strong></span> 
     </span>
     <span class='ocr_line' id='line_1_11' title="bbox 459 1555 2267 1644; baseline -0.004 -18"><span class='ocrx_word' id='word_1_100' title='bbox 459 1563 509 1626; x_wconf 89' lang='lat' dir='ltr'><strong>bis</strong></span> <span class='ocrx_word' id='word_1_101' title='bbox 531 1559 693 1644; x_wconf 87' lang='lat' dir='ltr'><strong>usurpatis</strong></span> <span class='ocrx_word' id='word_1_102' title='bbox 714 1555 781 1641; x_wconf 89' lang='lat' dir='ltr'><strong>legi</strong></span> <span class='ocrx_word' id='word_1_103' title='bbox 804 1555 891 1641; x_wconf 88' lang='lat' dir='ltr'><strong>apud</strong></span> <span class='ocrx_word' id='word_1_104' title='bbox 913 1564 1098 1641; x_wconf 88' lang='lat' dir='ltr'><strong>utrumque,</strong></span> <span class='ocrx_word' id='word_1_105' title='bbox 1122 1556 1187 1622; x_wconf 90' lang='lat' dir='ltr'><strong>alia</strong></span> <span class='ocrx_word' id='word_1_106' title='bbox 1208 1567 1316 1622; x_wconf 89' lang='lat' dir='ltr'><strong>temen</strong></span> <span class='ocrx_word' id='word_1_107' title='bbox 1339 1557 1421 1622; x_wconf 85' lang='lat' dir='ltr'><strong>adeo</strong></span> <span class='ocrx_word' id='word_1_108' title='bbox 1444 1557 1687 1644; x_wconf 83' lang='lat' dir='ltr'><strong>diversaapud</strong></span> <span class='ocrx_word' id='word_1_109' title='bbox 1708 1556 1798 1622; x_wconf 90' lang='lat' dir='ltr'><strong>illum</strong></span> <span class='ocrx_word' id='word_1_110' title='bbox 1822 1557 1864 1620; x_wconf 87' lang='lat' dir='ltr'><strong>ab</strong></span> <span class='ocrx_word' id='word_1_111' title='bbox 1888 1557 1959 1638; x_wconf 90' lang='lat' dir='ltr'><strong>hoc,</strong></span> <span class='ocrx_word' id='word_1_112' title='bbox 1982 1565 2019 1620; x_wconf 89' lang='lat' dir='ltr'><strong>ut</strong></span> <span class='ocrx_word' id='word_1_113' title='bbox 2044 1579 2087 1620; x_wconf 87' lang='lat' dir='ltr'><strong>ex</strong></span> <span class='ocrx_word' id='word_1_114' title='bbox 2098 1576 2164 1620; x_wconf 88' lang='lat' dir='ltr'><strong>uno</strong></span> <span class='ocrx_word' id='word_1_115' title='bbox 2177 1557 2267 1620; x_wconf 82' lang='lat' dir='ltr'><strong>tonte</strong></span> 
     </span>
     <span class='ocr_line' id='line_1_12' title="bbox 458 1659 2268 1750; baseline -0.003 -22"><span class='ocrx_word' id='word_1_116' title='bbox 458 1663 573 1728; x_wconf 90' lang='lat' dir='ltr'><strong>ambae</strong></span> <span class='ocrx_word' id='word_1_117' title='bbox 595 1661 798 1726; x_wconf 80' lang='lat' dir='ltr'><strong>narrationes</strong></span> <span class='ocrx_word' id='word_1_118' title='bbox 820 1669 969 1745; x_wconf 82' lang='lat' dir='ltr'><strong>sumptae</strong></span> <span class='ocrx_word' id='word_1_119' title='bbox 991 1681 1062 1724; x_wconf 89' lang='lat' dir='ltr'><strong>esse</strong></span> <span class='ocrx_word' id='word_1_120' title='bbox 1084 1669 1257 1744; x_wconf 89' lang='lat' dir='ltr'><strong>nequeant.</strong></span> <span class='ocrx_word' id='word_1_121' title='bbox 1301 1663 1432 1727; x_wconf 88' lang='lat' dir='ltr'><strong>Deinde</strong></span> <span class='ocrx_word' id='word_1_122' title='bbox 1454 1665 1553 1728; x_wconf 89' lang='lat' dir='ltr'><strong>etiam</strong></span> <span class='ocrx_word' id='word_1_123' title='bbox 1575 1660 1807 1744; x_wconf 82' lang='lat' dir='ltr'><strong>intelleximus,</strong></span> <span class='ocrx_word' id='word_1_124' title='bbox 1830 1661 1889 1750; x_wconf 79' lang='lat' dir='ltr'><strong>nbi</strong></span> <span class='ocrx_word' id='word_1_125' title='bbox 1911 1663 1996 1726; x_wconf 88' lang='lat' dir='ltr'><strong>Xen.</strong></span> <span class='ocrx_word' id='word_1_126' title='bbox 2028 1661 2196 1724; x_wconf 88' lang='lat' dir='ltr'><strong>obscurior</strong></span> <span class='ocrx_word' id='word_1_127' title='bbox 2224 1659 2268 1722; x_wconf 91' lang='lat' dir='ltr'><strong>sit</strong></span> 
     </span>
     <span class='ocr_line' id='line_1_13' title="bbox 459 1761 2267 1853; baseline -0.004 -22"><span class='ocrx_word' id='word_1_128' title='bbox 459 1776 555 1853; x_wconf 86' lang='lat' dir='ltr'><strong>atque</strong></span> <span class='ocrx_word' id='word_1_129' title='bbox 578 1785 644 1830; x_wconf 90' lang='lat' dir='ltr'><strong>nou</strong></span> <span class='ocrx_word' id='word_1_130' title='bbox 667 1765 746 1828; x_wconf 91' lang='lat' dir='ltr'><strong>satis</strong></span> <span class='ocrx_word' id='word_1_131' title='bbox 767 1762 939 1845; x_wconf 90' lang='lat' dir='ltr'><strong>dilucidus,</strong></span> <span class='ocrx_word' id='word_1_132' title='bbox 963 1785 982 1826; x_wconf 91' lang='lat' dir='ltr'><strong>a</strong></span> <span class='ocrx_word' id='word_1_133' title='bbox 1005 1761 1179 1828; x_wconf 88' lang='lat' dir='ltr'><strong>Plutarcho</strong></span> <span class='ocrx_word' id='word_1_134' title='bbox 1201 1766 1360 1830; x_wconf 86' lang='lat' dir='ltr'><strong>auxilium</strong></span> <span class='ocrx_word' id='word_1_135' title='bbox 1383 1787 1448 1830; x_wconf 91' lang='lat' dir='ltr'><strong>non</strong></span> <span class='ocrx_word' id='word_1_136' title='bbox 1471 1765 1624 1852; x_wconf 85' lang='lat' dir='ltr'><strong>praeberi</strong></span> <span class='ocrx_word' id='word_1_137' title='bbox 1652 1763 1695 1830; x_wconf 87' lang='lat' dir='ltr'><strong>ad</strong></span> <span class='ocrx_word' id='word_1_138' title='bbox 1724 1767 1910 1850; x_wconf 87' lang='lat' dir='ltr'><strong>aenigmata</strong></span> <span class='ocrx_word' id='word_1_139' title='bbox 1938 1773 1995 1828; x_wconf 89' lang='lat' dir='ltr'><strong>aut</strong></span> <span class='ocrx_word' id='word_1_140' title='bbox 2021 1762 2180 1828; x_wconf 87' lang='lat' dir='ltr'><strong>solvende</strong></span> <span class='ocrx_word' id='word_1_141' title='bbox 2209 1773 2267 1826; x_wconf 88' lang='lat' dir='ltr'><strong>aut</strong></span> 
     </span>
     <span class='ocr_line' id='line_1_14' title="bbox 459 1865 2172 1955; baseline -0.003 -21"><span class='ocrx_word' id='word_1_142' title='bbox 459 1867 665 1955; x_wconf 86' lang='lat' dir='ltr'><strong>explicanda.</strong></span> <span class='ocrx_word' id='word_1_143' title='bbox 710 1866 825 1952; x_wconf 88' lang='lat' dir='ltr'><strong>ltaque</strong></span> <span class='ocrx_word' id='word_1_144' title='bbox 847 1866 943 1929; x_wconf 87' lang='lat' dir='ltr'><strong>etiam</strong></span> <span class='ocrx_word' id='word_1_145' title='bbox 967 1887 1009 1930; x_wconf 89' lang='lat' dir='ltr'><strong>ne</strong></span> <span class='ocrx_word' id='word_1_146' title='bbox 1031 1866 1093 1930; x_wconf 89' lang='lat' dir='ltr'><strong>hac</strong></span> <span class='ocrx_word' id='word_1_147' title='bbox 1114 1866 1246 1952; x_wconf 92' lang='lat' dir='ltr'><strong>quidem</strong></span> <span class='ocrx_word' id='word_1_148' title='bbox 1268 1870 1455 1934; x_wconf 81' lang='lat' dir='ltr'><strong>narratione</strong></span> <span class='ocrx_word' id='word_1_149' title='bbox 1479 1867 1636 1954; x_wconf 83' lang='lat' dir='ltr'><strong>Cypriani</strong></span> <span class='ocrx_word' id='word_1_150' title='bbox 1658 1876 1692 1932; x_wconf 89' lang='lat' dir='ltr'><strong>et</strong></span> <span class='ocrx_word' id='word_1_151' title='bbox 1713 1868 1862 1932; x_wconf 84' lang='lat' dir='ltr'><strong>Grosaeri</strong></span> <span class='ocrx_word' id='word_1_152' title='bbox 1884 1865 1983 1932; x_wconf 90' lang='lat' dir='ltr'><strong>thesis</strong></span> <span class='ocrx_word' id='word_1_153' title='bbox 2004 1865 2172 1952; x_wconf 91' lang='lat' dir='ltr'><strong>probatur.</strong></span> 
     </span>
    </p>
   </div>
   <div class='ocr_carea' id='block_1_4' title="bbox 427 2063 2270 4320">
    <p class='ocr_par' dir='ltr' id='par_1_5' title="bbox 427 2063 2268 3494">
     <span class='ocr_line' id='line_1_15' title="bbox 614 2063 2265 2157; baseline -0.002 -21"><span class='ocrx_word' id='word_1_154' title='bbox 614 2073 706 2137; x_wconf 88' lang='lat' dir='ltr'><strong>Haec</strong></span> <span class='ocrx_word' id='word_1_155' title='bbox 727 2071 898 2148; x_wconf 79' lang='lat' dir='ltr'><strong>sufficiant,</strong></span> <span class='ocrx_word' id='word_1_156' title='bbox 921 2093 1116 2157; x_wconf 90' lang='lat' dir='ltr'><strong>quamquam</strong></span> <span class='ocrx_word' id='word_1_157' title='bbox 1140 2063 1296 2137; x_wconf 81' lang='lat' dir='ltr'><strong>nonnulla</strong></span> <span class='ocrx_word' id='word_1_158' title='bbox 1317 2082 1441 2138; x_wconf 75' lang='lat' dir='ltr'><strong>tantum</strong></span> <span class='ocrx_word' id='word_1_159' title='bbox 1465 2096 1485 2138; x_wconf 90' lang='lat' dir='ltr'><strong>a</strong></span> <span class='ocrx_word' id='word_1_160' title='bbox 1507 2095 1558 2138; x_wconf 90' lang='lat' dir='ltr'><strong>me</strong></span> <span class='ocrx_word' id='word_1_161' title='bbox 1581 2081 1721 2138; x_wconf 84' lang='lat' dir='ltr'><strong>tractata</strong></span> <span class='ocrx_word' id='word_1_162' title='bbox 1742 2082 1819 2138; x_wconf 90' lang='lat' dir='ltr'><strong>sunt</strong></span> <span class='ocrx_word' id='word_1_163' title='bbox 1839 2079 2033 2157; x_wconf 89' lang='lat' dir='ltr'><strong>argumenta</strong></span> <span class='ocrx_word' id='word_1_164' title='bbox 2060 2069 2179 2156; x_wconf 90' lang='lat' dir='ltr'><strong>quibus</strong></span> <span class='ocrx_word' id='word_1_165' title='bbox 2208 2068 2265 2132; x_wconf 85' lang='lat' dir='ltr'><strong>Gr.</strong></span> 
     </span>
     <span class='ocr_line' id='line_1_16' title="bbox 460 2173 2267 2264; baseline -0.006 -19"><span class='ocrx_word' id='word_1_166' title='bbox 460 2188 492 2246; x_wconf 88' lang='lat' dir='ltr'><strong>et</strong></span> <span class='ocrx_word' id='word_1_167' title='bbox 514 2177 612 2264; x_wconf 85' lang='lat' dir='ltr'><strong>Gypr.</strong></span> <span class='ocrx_word' id='word_1_168' title='bbox 635 2176 829 2240; x_wconf 86' lang='lat' dir='ltr'><strong>sententiam</strong></span> <span class='ocrx_word' id='word_1_169' title='bbox 852 2173 940 2238; x_wconf 85' lang='lat' dir='ltr'><strong>illam</strong></span> <span class='ocrx_word' id='word_1_170' title='bbox 962 2174 1102 2261; x_wconf 93' lang='lat' dir='ltr'><strong>probare</strong></span> <span class='ocrx_word' id='word_1_171' title='bbox 1124 2175 1301 2241; x_wconf 89' lang='lat' dir='ltr'><strong>studebant</strong></span> <span class='ocrx_word' id='word_1_172' title='bbox 1322 2199 1387 2241; x_wconf 92' lang='lat' dir='ltr'><strong>non</strong></span> <span class='ocrx_word' id='word_1_173' title='bbox 1409 2177 1601 2262; x_wconf 89' lang='lat' dir='ltr'><strong>probabant.</strong></span> <span class='ocrx_word' id='word_1_174' title='bbox 1646 2177 1698 2240; x_wconf 90' lang='lat' dir='ltr'><strong>De</strong></span> <span class='ocrx_word' id='word_1_175' title='bbox 1719 2176 1882 2240; x_wconf 90' lang='lat' dir='ltr'><strong>industria</strong></span> <span class='ocrx_word' id='word_1_176' title='bbox 1904 2195 1944 2238; x_wconf 89' lang='lat' dir='ltr'><strong>ea</strong></span> <span class='ocrx_word' id='word_1_177' title='bbox 1960 2174 2054 2237; x_wconf 89' lang='lat' dir='ltr'><strong>omisi</strong></span> <span class='ocrx_word' id='word_1_178' title='bbox 2073 2181 2267 2256; x_wconf 87' lang='lat' dir='ltr'><strong>argumenta</strong></span> 
     </span>
     <span class='ocr_line' id='line_1_17' title="bbox 427 2275 2266 2378; baseline -0.005 -33"><span class='ocrx_word' id='word_1_179' title='bbox 427 2313 434 2326; x_wconf 93' lang='lat'><strong>·</strong></span> <span class='ocrx_word' id='word_1_180' title='bbox 459 2303 542 2368; x_wconf 86' lang='lat' dir='ltr'><strong>quae</strong></span> <span class='ocrx_word' id='word_1_181' title='bbox 564 2279 660 2345; x_wconf 84' lang='lat' dir='ltr'><strong>tertio</strong></span> <span class='ocrx_word' id='word_1_182' title='bbox 683 2278 755 2342; x_wconf 87' lang='lat' dir='ltr'><strong>loco</strong></span> <span class='ocrx_word' id='word_1_183' title='bbox 778 2279 948 2378; x_wconf 75' lang='lat' dir='ltr'><strong>proposuit</strong></span> <span class='ocrx_word' id='word_1_184' title='bbox 969 2277 1069 2364; x_wconf 78' lang='lat' dir='ltr'><strong>Cypr.</strong></span> <span class='ocrx_word' id='word_1_185' title='bbox 1092 2283 1179 2364; x_wconf 83' lang='lat' dir='ltr'><strong>(pag.</strong></span> <span class='ocrx_word' id='word_1_186' title='bbox 1203 2279 1247 2343; x_wconf 84' lang='lat'><strong>84</strong></span> <span class='ocrx_word' id='word_1_187' title='bbox 1267 2287 1350 2366; x_wconf 86' lang='lat' dir='ltr'><strong>sqq.)</strong></span> <span class='ocrx_word' id='word_1_188' title='bbox 1372 2285 1405 2346; x_wconf 79' lang='grc' dir='ltr'><strong>ἐκ</strong></span> <span class='ocrx_word' id='word_1_189' title='bbox 1427 2284 1489 2346; x_wconf 73' lang='lat' dir='ltr'><strong>suiv</strong></span> <span class='ocrx_word' id='word_1_190' title='bbox 1506 2282 1622 2362; x_wconf 80' lang='grc' dir='ltr'><strong><em>μικρῶν</em></strong></span> <span class='ocrx_word' id='word_1_191' title='bbox 1642 2283 1824 2365; x_wconf 77' lang='grc' dir='ltr'><strong><em>συγγραφῶν</em></strong></span> <span class='ocrx_word' id='word_1_192' title='bbox 1841 2281 1895 2346; x_wconf 76' lang='grc' dir='ltr'><strong>τοῦ</strong></span> <span class='ocrx_word' id='word_1_193' title='bbox 1921 2277 2117 2363; x_wconf 74' lang='grc' dir='ltr'><strong><em>Ξενοφῶντος</em></strong></span> <span class='ocrx_word' id='word_1_194' title='bbox 2145 2275 2266 2360; x_wconf 77' lang='lat' dir='ltr'><strong>petita3</strong></span> 
     </span>
     <span class='ocr_line' id='line_1_18' title="bbox 459 2376 2268 2468; baseline -0.006 -19"><span class='ocrx_word' id='word_1_195' title='bbox 459 2385 553 2449; x_wconf 88' lang='lat' dir='ltr'><strong>omisi</strong></span> <span class='ocrx_word' id='word_1_196' title='bbox 575 2391 608 2447; x_wconf 90' lang='lat' dir='ltr'><strong>et</strong></span> <span class='ocrx_word' id='word_1_197' title='bbox 626 2381 713 2468; x_wconf 90' lang='lat' dir='ltr'><strong>quod</strong></span> <span class='ocrx_word' id='word_1_198' title='bbox 736 2383 792 2446; x_wconf 86' lang='lat' dir='ltr'><strong>Gr.</strong></span> <span class='ocrx_word' id='word_1_199' title='bbox 817 2402 856 2444; x_wconf 89' lang='lat' dir='ltr'><strong>ea</strong></span> <span class='ocrx_word' id='word_1_200' title='bbox 878 2401 942 2444; x_wconf 90' lang='lat' dir='ltr'><strong>non</strong></span> <span class='ocrx_word' id='word_1_201' title='bbox 964 2380 1082 2466; x_wconf 89' lang='lat' dir='ltr'><strong>probat</strong></span> <span class='ocrx_word' id='word_1_202' title='bbox 1103 2383 1251 2467; x_wconf 87' lang='lat' dir='ltr'><strong>exceptis</strong></span> <span class='ocrx_word' id='word_1_203' title='bbox 1272 2384 1383 2468; x_wconf 87' lang='lat' dir='ltr'><strong>petitis</strong></span> <span class='ocrx_word' id='word_1_204' title='bbox 1406 2404 1448 2448; x_wconf 88' lang='lat' dir='ltr'><strong>ex</strong></span> <span class='ocrx_word' id='word_1_205' title='bbox 1472 2385 1619 2448; x_wconf 90' lang='lat' dir='ltr'><strong>encomio</strong></span> <span class='ocrx_word' id='word_1_206' title='bbox 1641 2380 1796 2467; x_wconf 81' lang='lat' dir='ltr'><strong>Agesilai,</strong></span> <span class='ocrx_word' id='word_1_207' title='bbox 1831 2389 1865 2444; x_wconf 90' lang='lat' dir='ltr'><strong>et</strong></span> <span class='ocrx_word' id='word_1_208' title='bbox 1891 2379 1979 2465; x_wconf 90' lang='lat' dir='ltr'><strong>quod</strong></span> <span class='ocrx_word' id='word_1_209' title='bbox 2008 2381 2105 2443; x_wconf 89' lang='lat' dir='ltr'><strong>etiam</strong></span> <span class='ocrx_word' id='word_1_210' title='bbox 2133 2377 2175 2440; x_wconf 92' lang='lat' dir='ltr'><strong>de</strong></span> <span class='ocrx_word' id='word_1_211' title='bbox 2204 2376 2268 2440; x_wconf 91' lang='lat' dir='ltr'><strong>hoc</strong></span> 
     </span>
     <span class='ocr_line' id='line_1_19' title="bbox 458 2479 2267 2571; baseline -0.006 -19"><span class='ocrx_word' id='word_1_212' title='bbox 458 2485 572 2553; x_wconf 92' lang='lat' dir='ltr'><strong>libello</strong></span> <span class='ocrx_word' id='word_1_213' title='bbox 595 2483 689 2549; x_wconf 89' lang='lat' dir='ltr'><strong>aliter</strong></span> <span class='ocrx_word' id='word_1_214' title='bbox 712 2482 915 2548; x_wconf 83' lang='lat' dir='ltr'><strong>statuendum</strong></span> <span class='ocrx_word' id='word_1_215' title='bbox 940 2482 1077 2548; x_wconf 87' lang='lat' dir='ltr'><strong>videtur.</strong></span> <span class='ocrx_word' id='word_1_216' title='bbox 1122 2483 1229 2548; x_wconf 92' lang='lat' dir='ltr'><strong>Probo</strong></span> <span class='ocrx_word' id='word_1_217' title='bbox 1248 2487 1336 2548; x_wconf 91' lang='lat' dir='ltr'><strong>enim</strong></span> <span class='ocrx_word' id='word_1_218' title='bbox 1358 2486 1511 2571; x_wconf 83' lang='lat' dir='ltr'><strong>equidem</strong></span> <span class='ocrx_word' id='word_1_219' title='bbox 1532 2486 1726 2552; x_wconf 90' lang='lat' dir='ltr'><strong>sententiam</strong></span> <span class='ocrx_word' id='word_1_220' title='bbox 1750 2505 1863 2548; x_wconf 87' lang='lat' dir='ltr'><strong>eorum</strong></span> <span class='ocrx_word' id='word_1_221' title='bbox 1888 2484 1944 2568; x_wconf 92' lang='lat' dir='ltr'><strong>qui</strong></span> <span class='ocrx_word' id='word_1_222' title='bbox 1966 2481 2156 2559; x_wconf 77' lang='lat' dir='ltr'><strong>statuunt²),</strong></span> <span class='ocrx_word' id='word_1_223' title='bbox 2179 2479 2267 2543; x_wconf 89' lang='lat' dir='ltr'><strong>hune</strong></span> 
     </span>
     <span class='ocr_line' id='line_1_20' title="bbox 457 2584 2266 2674; baseline -0.005 -20"><span class='ocrx_word' id='word_1_224' title='bbox 457 2589 602 2656; x_wconf 90' lang='lat' dir='ltr'><strong>libellum</strong></span> <span class='ocrx_word' id='word_1_225' title='bbox 624 2610 691 2652; x_wconf 91' lang='lat' dir='ltr'><strong>non</strong></span> <span class='ocrx_word' id='word_1_226' title='bbox 713 2590 871 2673; x_wconf 89' lang='lat' dir='ltr'><strong>scriptum</strong></span> <span class='ocrx_word' id='word_1_227' title='bbox 894 2608 965 2650; x_wconf 88' lang='lat' dir='ltr'><strong>esse</strong></span> <span class='ocrx_word' id='word_1_228' title='bbox 988 2609 1009 2649; x_wconf 94' lang='lat' dir='ltr'><strong>a</strong></span> <span class='ocrx_word' id='word_1_229' title='bbox 1030 2586 1248 2673; x_wconf 88' lang='lat' dir='ltr'><strong>Xenophonte</strong></span> <span class='ocrx_word' id='word_1_230' title='bbox 1272 2589 1342 2672; x_wconf 93' lang='lat' dir='ltr'><strong>ipso</strong></span> <span class='ocrx_word' id='word_1_231' title='bbox 1365 2589 1424 2654; x_wconf 89' lang='lat' dir='ltr'><strong>sed</strong></span> <span class='ocrx_word' id='word_1_232' title='bbox 1453 2599 1526 2674; x_wconf 94' lang='lat' dir='ltr'><strong>post</strong></span> <span class='ocrx_word' id='word_1_233' title='bbox 1555 2589 1625 2673; x_wconf 88' lang='lat' dir='ltr'><strong>ejus</strong></span> <span class='ocrx_word' id='word_1_234' title='bbox 1653 2597 1789 2652; x_wconf 90' lang='lat' dir='ltr'><strong>mortem</strong></span> <span class='ocrx_word' id='word_1_235' title='bbox 1818 2610 1839 2650; x_wconf 87' lang='lat' dir='ltr'><strong>a</strong></span> <span class='ocrx_word' id='word_1_236' title='bbox 1865 2586 1994 2650; x_wconf 87' lang='lat' dir='ltr'><strong>rhetore</strong></span> <span class='ocrx_word' id='word_1_237' title='bbox 2024 2584 2165 2670; x_wconf 86' lang='lat' dir='ltr'><strong>quodam</strong></span> <span class='ocrx_word' id='word_1_238' title='bbox 2194 2603 2266 2646; x_wconf 87' lang='lat' dir='ltr'><strong>esse</strong></span> 
     </span>
     <span class='ocr_line' id='line_1_21' title="bbox 458 2687 2266 2779; baseline -0.007 -19"><span class='ocrx_word' id='word_1_239' title='bbox 458 2693 668 2779; x_wconf 88' lang='lat' dir='ltr'><strong>compilatum</strong></span> <span class='ocrx_word' id='word_1_240' title='bbox 692 2700 724 2755; x_wconf 90' lang='lat' dir='ltr'><strong>et</strong></span> <span class='ocrx_word' id='word_1_241' title='bbox 746 2689 877 2776; x_wconf 90' lang='lat' dir='ltr'><strong>quidem</strong></span> <span class='ocrx_word' id='word_1_242' title='bbox 901 2699 1090 2774; x_wconf 84' lang='lat' dir='ltr'><strong>excerptum</strong></span> <span class='ocrx_word' id='word_1_243' title='bbox 1114 2711 1157 2754; x_wconf 85' lang='lat' dir='ltr'><strong>ex</strong></span> <span class='ocrx_word' id='word_1_244' title='bbox 1179 2690 1362 2756; x_wconf 88' lang='lat' dir='ltr'><strong>Hellenieis</strong></span> <span class='ocrx_word' id='word_1_245' title='bbox 1385 2692 1612 2776; x_wconf 89' lang='lat' dir='ltr'><strong>Xenophontis</strong></span> <span class='ocrx_word' id='word_1_246' title='bbox 1634 2690 1866 2777; x_wconf 75' lang='lat' dir='ltr'><strong>adjectis&#39;aliis</strong></span> <span class='ocrx_word' id='word_1_247' title='bbox 1888 2691 1987 2754; x_wconf 90' lang='lat' dir='ltr'><strong>rebus</strong></span> <span class='ocrx_word' id='word_1_248' title='bbox 2001 2687 2132 2754; x_wconf 87' lang='lat' dir='ltr'><strong>aliunde</strong></span> <span class='ocrx_word' id='word_1_249' title='bbox 2146 2687 2266 2772; x_wconf 88' lang='lat' dir='ltr'><strong>petitis.</strong></span> 
     </span>
     <span class='ocr_line' id='line_1_22' title="bbox 459 2789 2267 2881; baseline -0.006 -19"><span class='ocrx_word' id='word_1_250' title='bbox 459 2797 531 2862; x_wconf 89' lang='lat' dir='ltr'><strong>Hoc</strong></span> <span class='ocrx_word' id='word_1_251' title='bbox 549 2794 653 2860; x_wconf 90' lang='lat' dir='ltr'><strong>solum</strong></span> <span class='ocrx_word' id='word_1_252' title='bbox 676 2793 771 2876; x_wconf 88' lang='lat' dir='ltr'><strong>eddo,</strong></span> <span class='ocrx_word' id='word_1_253' title='bbox 796 2791 1028 2872; x_wconf 83' lang='lat' dir='ltr'><strong>Beckhausii³)</strong></span> <span class='ocrx_word' id='word_1_254' title='bbox 1051 2794 1255 2873; x_wconf 89' lang='lat' dir='ltr'><strong>sententiam,</strong></span> <span class='ocrx_word' id='word_1_255' title='bbox 1279 2804 1432 2881; x_wconf 89' lang='lat' dir='ltr'><strong>nepotem</strong></span> <span class='ocrx_word' id='word_1_256' title='bbox 1452 2794 1678 2880; x_wconf 89' lang='lat' dir='ltr'><strong>Xenophontis</strong></span> <span class='ocrx_word' id='word_1_257' title='bbox 1701 2802 1733 2858; x_wconf 87' lang='lat' dir='ltr'><strong>et</strong></span> <span class='ocrx_word' id='word_1_258' title='bbox 1755 2795 1861 2879; x_wconf 89' lang='lat' dir='ltr'><strong>ipsum</strong></span> <span class='ocrx_word' id='word_1_259' title='bbox 1885 2791 2112 2879; x_wconf 86' lang='lat' dir='ltr'><strong>Xenophontis</strong></span> <span class='ocrx_word' id='word_1_260' title='bbox 2135 2789 2267 2853; x_wconf 89' lang='lat' dir='ltr'><strong>nomine</strong></span> 
     </span>
     <span class='ocr_line' id='line_1_23' title="bbox 459 2893 2265 2982; baseline -0.003 -20"><span class='ocrx_word' id='word_1_261' title='bbox 459 2909 607 2964; x_wconf 88' lang='lat' dir='ltr'><strong>ornatum</strong></span> <span class='ocrx_word' id='word_1_262' title='bbox 630 2904 796 2961; x_wconf 85' lang='lat' dir='ltr'><strong>auctorem</strong></span> <span class='ocrx_word' id='word_1_263' title='bbox 817 2894 917 2958; x_wconf 75' lang='lat' dir='ltr'><strong>trisse</strong></span> <span class='ocrx_word' id='word_1_264' title='bbox 939 2893 1036 2979; x_wconf 89' lang='lat' dir='ltr'><strong>hujus</strong></span> <span class='ocrx_word' id='word_1_265' title='bbox 1058 2893 1162 2959; x_wconf 92' lang='lat' dir='ltr'><strong>libelli</strong></span> <span class='ocrx_word' id='word_1_266' title='bbox 1184 2896 1385 2982; x_wconf 87' lang='lat' dir='ltr'><strong>aliorumque</strong></span> <span class='ocrx_word' id='word_1_267' title='bbox 1404 2896 1588 2962; x_wconf 90' lang='lat' dir='ltr'><strong>libellorum</strong></span> <span class='ocrx_word' id='word_1_268' title='bbox 1607 2895 1817 2982; x_wconf 86' lang='lat' dir='ltr'><strong>Xenophonti</strong></span> <span class='ocrx_word' id='word_1_269' title='bbox 1832 2918 1919 2960; x_wconf 92' lang='lat' dir='ltr'><strong>nunc</strong></span> <span class='ocrx_word' id='word_1_270' title='bbox 1933 2895 2013 2960; x_wconf 86' lang='lat' dir='ltr'><strong>ialso</strong></span> <span class='ocrx_word' id='word_1_271' title='bbox 2028 2893 2265 2972; x_wconf 84' lang='lat' dir='ltr'><strong>attributorum,</strong></span> 
     </span>
     <span class='ocr_line' id='line_1_24' title="bbox 459 2996 2266 3085; baseline -0.003 -20"><span class='ocrx_word' id='word_1_272' title='bbox 459 3001 538 3066; x_wconf 91' lang='lat' dir='ltr'><strong>mihi</strong></span> <span class='ocrx_word' id='word_1_273' title='bbox 560 3021 672 3064; x_wconf 84' lang='lat' dir='ltr'><strong>veram</strong></span> <span class='ocrx_word' id='word_1_274' title='bbox 695 3019 761 3062; x_wconf 88' lang='lat' dir='ltr'><strong>non</strong></span> <span class='ocrx_word' id='word_1_275' title='bbox 784 2996 906 3076; x_wconf 85' lang='lat' dir='ltr'><strong>videri;</strong></span> <span class='ocrx_word' id='word_1_276' title='bbox 930 3016 993 3060; x_wconf 89' lang='lat' dir='ltr'><strong>non</strong></span> <span class='ocrx_word' id='word_1_277' title='bbox 1017 2997 1170 3082; x_wconf 86' lang='lat' dir='ltr'><strong>probavit</strong></span> <span class='ocrx_word' id='word_1_278' title='bbox 1191 2997 1229 3060; x_wconf 91' lang='lat' dir='ltr'><strong>B.</strong></span> <span class='ocrx_word' id='word_1_279' title='bbox 1261 2999 1348 3084; x_wconf 91' lang='lat' dir='ltr'><strong>quod</strong></span> <span class='ocrx_word' id='word_1_280' title='bbox 1377 3021 1474 3085; x_wconf 89' lang='lat' dir='ltr'><strong>quam</strong></span> <span class='ocrx_word' id='word_1_281' title='bbox 1500 3001 1642 3064; x_wconf 83' lang='lat' dir='ltr'><strong>maxime</strong></span> <span class='ocrx_word' id='word_1_282' title='bbox 1671 2999 1873 3084; x_wconf 89' lang='lat' dir='ltr'><strong>probandum</strong></span> <span class='ocrx_word' id='word_1_283' title='bbox 1904 3007 1978 3080; x_wconf 77' lang='lat' dir='ltr'><strong>est,¹</strong></span> <span class='ocrx_word' id='word_1_284' title='bbox 1998 2998 2083 3062; x_wconf 91' lang='lat' dir='ltr'><strong>hunc</strong></span> <span class='ocrx_word' id='word_1_285' title='bbox 2114 3006 2266 3083; x_wconf 88' lang='lat' dir='ltr'><strong>nepotem</strong></span> 
     </span>
     <span class='ocr_line' id='line_1_25' title="bbox 459 3100 2264 3190; baseline -0.004 -19"><span class='ocrx_word' id='word_1_286' title='bbox 459 3107 560 3171; x_wconf 90' lang='lat' dir='ltr'><strong>libros</strong></span> <span class='ocrx_word' id='word_1_287' title='bbox 582 3125 735 3190; x_wconf 89' lang='lat' dir='ltr'><strong>umquam</strong></span> <span class='ocrx_word' id='word_1_288' title='bbox 758 3101 995 3186; x_wconf 84' lang='lat' dir='ltr'><strong>composuisse:</strong></span> <span class='ocrx_word' id='word_1_289' title='bbox 1019 3100 1105 3186; x_wconf 94' lang='lat' dir='ltr'><strong>quod</strong></span> <span class='ocrx_word' id='word_1_290' title='bbox 1128 3111 1238 3166; x_wconf 90' lang='lat' dir='ltr'><strong>tamen</strong></span> <span class='ocrx_word' id='word_1_291' title='bbox 1260 3102 1321 3166; x_wconf 90' lang='lat' dir='ltr'><strong>hcc</strong></span> <span class='ocrx_word' id='word_1_292' title='bbox 1350 3103 1421 3167; x_wconf 89' lang='lat' dir='ltr'><strong>loco</strong></span> <span class='ocrx_word' id='word_1_293' title='bbox 1444 3102 1524 3166; x_wconf 92' lang='lat' dir='ltr'><strong>mibi</strong></span> <span class='ocrx_word' id='word_1_294' title='bbox 1553 3125 1618 3166; x_wconf 89' lang='lat' dir='ltr'><strong>non</strong></span> <span class='ocrx_word' id='word_1_295' title='bbox 1648 3110 1697 3166; x_wconf 90' lang='lat' dir='ltr'><strong>est</strong></span> <span class='ocrx_word' id='word_1_296' title='bbox 1725 3101 2021 3166; x_wconf 84' lang='lat' dir='ltr'><strong>demonstrandum.</strong></span> <span class='ocrx_word' id='word_1_297' title='bbox 2073 3100 2113 3166; x_wconf 91' lang='lat' dir='ltr'><strong>ld</strong></span> <span class='ocrx_word' id='word_1_298' title='bbox 2142 3110 2264 3164; x_wconf 87' lang='lat' dir='ltr'><strong>tantum</strong></span> 
     </span>
     <span class='ocr_line' id='line_1_26' title="bbox 461 3203 2267 3290; baseline -0.003 -19"><span class='ocrx_word' id='word_1_299' title='bbox 461 3228 594 3272; x_wconf 90' lang='lat' dir='ltr'><strong>monere</strong></span> <span class='ocrx_word' id='word_1_300' title='bbox 616 3204 701 3284; x_wconf 86' lang='lat' dir='ltr'><strong>vole,</strong></span> <span class='ocrx_word' id='word_1_301' title='bbox 726 3224 792 3266; x_wconf 90' lang='lat' dir='ltr'><strong>non</strong></span> <span class='ocrx_word' id='word_1_302' title='bbox 814 3206 908 3287; x_wconf 87' lang='lat' dir='ltr'><strong>parvi</strong></span> <span class='ocrx_word' id='word_1_303' title='bbox 931 3204 1084 3266; x_wconf 89' lang='lat' dir='ltr'><strong>momenti</strong></span> <span class='ocrx_word' id='word_1_304' title='bbox 1108 3205 1214 3287; x_wconf 86' lang='lat' dir='ltr'><strong>esss⁴)</strong></span> <span class='ocrx_word' id='word_1_305' title='bbox 1243 3205 1331 3289; x_wconf 90' lang='lat' dir='ltr'><strong>quod</strong></span> <span class='ocrx_word' id='word_1_306' title='bbox 1360 3205 1527 3290; x_wconf 85' lang='lat' dir='ltr'><strong>Diogenes</strong></span> <span class='ocrx_word' id='word_1_307' title='bbox 1556 3205 1723 3284; x_wconf 89' lang='lat' dir='ltr'><strong>Laertius,</strong></span> <span class='ocrx_word' id='word_1_308' title='bbox 1765 3226 1862 3290; x_wconf 90' lang='lat' dir='ltr'><strong>quem</strong></span> <span class='ocrx_word' id='word_1_309' title='bbox 1892 3226 1934 3269; x_wconf 87' lang='lat' dir='ltr'><strong>ex</strong></span> <span class='ocrx_word' id='word_1_310' title='bbox 1963 3205 2094 3290; x_wconf 89' lang='lat' dir='ltr'><strong>optimis</strong></span> <span class='ocrx_word' id='word_1_311' title='bbox 2123 3203 2267 3267; x_wconf 87' lang='lat' dir='ltr'><strong>fontibus</strong></span> 
     </span>
     <span class='ocr_line' id='line_1_27' title="bbox 459 3305 2267 3394; baseline -0.002 -21"><span class='ocrx_word' id='word_1_312' title='bbox 459 3310 606 3373; x_wconf 84' lang='lat' dir='ltr'><strong>hausisse</strong></span> <span class='ocrx_word' id='word_1_313' title='bbox 627 3326 723 3369; x_wconf 90' lang='lat' dir='ltr'><strong>nemo</strong></span> <span class='ocrx_word' id='word_1_314' title='bbox 745 3325 812 3366; x_wconf 90' lang='lat' dir='ltr'><strong>non</strong></span> <span class='ocrx_word' id='word_1_315' title='bbox 835 3305 972 3388; x_wconf 85' lang='lat' dir='ltr'><strong>ignorat,</strong></span> <span class='ocrx_word' id='word_1_316' title='bbox 996 3305 1081 3369; x_wconf 91' lang='lat' dir='ltr'><strong>inter</strong></span> <span class='ocrx_word' id='word_1_317' title='bbox 1104 3327 1216 3370; x_wconf 89' lang='lat' dir='ltr'><strong>omnes</strong></span> <span class='ocrx_word' id='word_1_318' title='bbox 1238 3308 1412 3392; x_wconf 86' lang='lat' dir='ltr'><strong>scriptores</strong></span> <span class='ocrx_word' id='word_1_319' title='bbox 1435 3330 1513 3394; x_wconf 88' lang='lat' dir='ltr'><strong>quos</strong></span> <span class='ocrx_word' id='word_1_320' title='bbox 1536 3317 1705 3373; x_wconf 86' lang='lat' dir='ltr'><strong>enumerat</strong></span> <span class='ocrx_word' id='word_1_321' title='bbox 1727 3308 1953 3394; x_wconf 88' lang='lat' dir='ltr'><strong>Xenophontis</strong></span> <span class='ocrx_word' id='word_1_322' title='bbox 1976 3309 2107 3372; x_wconf 89' lang='lat' dir='ltr'><strong>nomine</strong></span> <span class='ocrx_word' id='word_1_323' title='bbox 2136 3316 2267 3370; x_wconf 89' lang='lat' dir='ltr'><strong>ornatos</strong></span> 
     </span>
     <span class='ocr_line' id='line_1_28' title="bbox 459 3406 1683 3494; baseline -0.002 -19"><span class='ocrx_word' id='word_1_324' title='bbox 459 3411 547 3475; x_wconf 90' lang='lat' dir='ltr'><strong>hunc</strong></span> <span class='ocrx_word' id='word_1_325' title='bbox 569 3409 728 3474; x_wconf 88' lang='lat' dir='ltr'><strong>Socratici</strong></span> <span class='ocrx_word' id='word_1_326' title='bbox 752 3417 903 3492; x_wconf 90' lang='lat' dir='ltr'><strong>nepotem</strong></span> <span class='ocrx_word' id='word_1_327' title='bbox 926 3406 1078 3472; x_wconf 84' lang='lat' dir='ltr'><strong>Isocratis</strong></span> <span class='ocrx_word' id='word_1_328' title='bbox 1101 3408 1298 3494; x_wconf 91' lang='lat' dir='ltr'><strong>discipulum</strong></span> <span class='ocrx_word' id='word_1_329' title='bbox 1320 3431 1385 3474; x_wconf 90' lang='lat' dir='ltr'><strong>nou</strong></span> <span class='ocrx_word' id='word_1_330' title='bbox 1409 3413 1683 3476; x_wconf 86' lang='lat' dir='ltr'><strong>commemoravit.</strong></span> 
     </span>
    </p>

    <p class='ocr_par' dir='ltr' id='par_1_6' title="bbox 458 3509 2270 4320">
     <span class='ocr_line' id='line_1_29' title="bbox 614 3509 2270 3600; baseline -0.001 -25"><span class='ocrx_word' id='word_1_331' title='bbox 614 3511 660 3575; x_wconf 90' lang='lat' dir='ltr'><strong>Ut</strong></span> <span class='ocrx_word' id='word_1_332' title='bbox 680 3512 781 3597; x_wconf 85' lang='lat' dir='ltr'><strong>igitur</strong></span> <span class='ocrx_word' id='word_1_333' title='bbox 803 3509 845 3573; x_wconf 91' lang='lat' dir='ltr'><strong>ad</strong></span> <span class='ocrx_word' id='word_1_334' title='bbox 868 3509 1112 3574; x_wconf 90' lang='lat' dir='ltr'><strong>Hellenieorum</strong></span> <span class='ocrx_word' id='word_1_335' title='bbox 1136 3515 1302 3598; x_wconf 90' lang='lat' dir='ltr'><strong>epitomen</strong></span> <span class='ocrx_word' id='word_1_336' title='bbox 1324 3522 1481 3592; x_wconf 87' lang='lat' dir='ltr'><strong>revertar,</strong></span> <span class='ocrx_word' id='word_1_337' title='bbox 1505 3514 1609 3598; x_wconf 92' lang='lat' dir='ltr'><strong>primo</strong></span> <span class='ocrx_word' id='word_1_338' title='bbox 1639 3513 1754 3578; x_wconf 89' lang='lat' dir='ltr'><strong>obtutu</strong></span> <span class='ocrx_word' id='word_1_339' title='bbox 1776 3512 1852 3577; x_wconf 90' lang='lat' dir='ltr'><strong>huic</strong></span> <span class='ocrx_word' id='word_1_340' title='bbox 1881 3513 2053 3600; x_wconf 85' lang='lat' dir='ltr'><strong>hypothesi</strong></span> <span class='ocrx_word' id='word_1_341' title='bbox 2081 3533 2148 3576; x_wconf 91' lang='lat' dir='ltr'><strong>non</strong></span> <span class='ocrx_word' id='word_1_342' title='bbox 2177 3511 2270 3576; x_wconf 91' lang='lat' dir='ltr'><strong>deest</strong></span> 
     </span>
     <span class='ocr_line' id='line_1_30' title="bbox 459 3614 2268 3701; baseline -0.001 -22"><span class='ocrx_word' id='word_1_343' title='bbox 459 3617 583 3701; x_wconf 89' lang='lat' dir='ltr'><strong>species</strong></span> <span class='ocrx_word' id='word_1_344' title='bbox 606 3615 767 3700; x_wconf 89' lang='lat' dir='ltr'><strong>quaedam</strong></span> <span class='ocrx_word' id='word_1_345' title='bbox 790 3635 855 3676; x_wconf 92' lang='lat' dir='ltr'><strong>non</strong></span> <span class='ocrx_word' id='word_1_346' title='bbox 879 3615 1024 3678; x_wconf 88' lang='lat' dir='ltr'><strong>veritatis</strong></span> <span class='ocrx_word' id='word_1_347' title='bbox 1047 3614 1105 3678; x_wconf 88' lang='lat' dir='ltr'><strong>ssd</strong></span> <span class='ocrx_word' id='word_1_348' title='bbox 1128 3615 1377 3701; x_wconf 88' lang='lat' dir='ltr'><strong>probabilitatis.</strong></span> <span class='ocrx_word' id='word_1_349' title='bbox 1423 3616 1515 3696; x_wconf 75' lang='lat' dir='ltr'><strong>Quies</strong></span> <span class='ocrx_word' id='word_1_350' title='bbox 1539 3617 1626 3681; x_wconf 88' lang='lat' dir='ltr'><strong>enim</strong></span> <span class='ocrx_word' id='word_1_351' title='bbox 1648 3638 1728 3680; x_wconf 89' lang='lat' dir='ltr'><strong>vera</strong></span> <span class='ocrx_word' id='word_1_352' title='bbox 1750 3617 1778 3681; x_wconf 91' lang='lat' dir='ltr'><strong>si</strong></span> <span class='ocrx_word' id='word_1_353' title='bbox 1800 3626 1886 3681; x_wconf 90' lang='lat' dir='ltr'><strong>esset</strong></span> <span class='ocrx_word' id='word_1_354' title='bbox 1908 3626 2005 3701; x_wconf 89' lang='lat' dir='ltr'><strong>atque</strong></span> <span class='ocrx_word' id='word_1_355' title='bbox 2024 3616 2102 3680; x_wconf 89' lang='lat' dir='ltr'><strong>satis</strong></span> <span class='ocrx_word' id='word_1_356' title='bbox 2119 3614 2268 3700; x_wconf 85' lang='lat' dir='ltr'><strong>probata,</strong></span> 
     </span>
     <span class='ocr_line' id='line_1_31' title="bbox 460 3715 2270 3805; baseline -0.001 -23"><span class='ocrx_word' id='word_1_357' title='bbox 460 3739 573 3782; x_wconf 88' lang='lat' dir='ltr'><strong>omnes</strong></span> <span class='ocrx_word' id='word_1_358' title='bbox 601 3717 747 3802; x_wconf 83' lang='lat' dir='ltr'><strong>prolecto</strong></span> <span class='ocrx_word' id='word_1_359' title='bbox 777 3715 987 3780; x_wconf 85' lang='lat' dir='ltr'><strong>difficultates</strong></span> <span class='ocrx_word' id='word_1_360' title='bbox 1008 3717 1212 3782; x_wconf 88' lang='lat' dir='ltr'><strong>solverentur</strong></span> <span class='ocrx_word' id='word_1_361' title='bbox 1242 3729 1321 3804; x_wconf 93' lang='lat' dir='ltr'><strong>quot</strong></span> <span class='ocrx_word' id='word_1_362' title='bbox 1349 3729 1383 3783; x_wconf 92' lang='lat' dir='ltr'><strong>et</strong></span> <span class='ocrx_word' id='word_1_363' title='bbox 1419 3729 1556 3805; x_wconf 90' lang='lat' dir='ltr'><strong>quantes</strong></span> <span class='ocrx_word' id='word_1_364' title='bbox 1584 3718 1757 3784; x_wconf 89' lang='lat' dir='ltr'><strong>Hellenica</strong></span> <span class='ocrx_word' id='word_1_365' title='bbox 1786 3729 1818 3784; x_wconf 86' lang='lat' dir='ltr'><strong>et</strong></span> <span class='ocrx_word' id='word_1_366' title='bbox 1846 3741 1975 3805; x_wconf 90' lang='lat' dir='ltr'><strong>semper</strong></span> <span class='ocrx_word' id='word_1_367' title='bbox 2003 3718 2207 3804; x_wconf 88' lang='lat' dir='ltr'><strong>praebebant</strong></span> <span class='ocrx_word' id='word_1_368' title='bbox 2235 3728 2270 3782; x_wconf 92' lang='lat' dir='ltr'><strong>et</strong></span> 
     </span>
     <span class='ocr_line' id='line_1_32' title="bbox 459 3817 2270 3911; baseline -0.002 -24"><span class='ocrx_word' id='word_1_369' title='bbox 459 3821 567 3887; x_wconf 85' lang='lat' dir='ltr'><strong>adhuc</strong></span> <span class='ocrx_word' id='word_1_370' title='bbox 588 3819 792 3906; x_wconf 66' lang='lat' dir='ltr'><strong>praebentl)</strong></span> <span class='ocrx_word' id='word_1_371' title='bbox 837 3819 960 3883; x_wconf 87' lang='lat' dir='ltr'><strong>Omnes</strong></span> <span class='ocrx_word' id='word_1_372' title='bbox 982 3817 1046 3884; x_wconf 92' lang='lat' dir='ltr'><strong>loci</strong></span> <span class='ocrx_word' id='word_1_373' title='bbox 1069 3831 1125 3884; x_wconf 91' lang='lat' dir='ltr'><strong>aut</strong></span> <span class='ocrx_word' id='word_1_374' title='bbox 1154 3821 1284 3886; x_wconf 90' lang='lat' dir='ltr'><strong>obscuri</strong></span> <span class='ocrx_word' id='word_1_375' title='bbox 1313 3830 1369 3886; x_wconf 89' lang='lat' dir='ltr'><strong>aut</strong></span> <span class='ocrx_word' id='word_1_376' title='bbox 1397 3820 1482 3886; x_wconf 90' lang='lat' dir='ltr'><strong>male</strong></span> <span class='ocrx_word' id='word_1_377' title='bbox 1511 3825 1722 3911; x_wconf 61' lang='lat' dir='ltr'><strong>comparati„</strong></span> <span class='ocrx_word' id='word_1_378' title='bbox 1736 3824 1818 3889; x_wconf 87' lang='lat' dir='ltr'><strong>vitia</strong></span> <span class='ocrx_word' id='word_1_379' title='bbox 1846 3823 1955 3888; x_wconf 88' lang='lat' dir='ltr'><strong>omnia</strong></span> <span class='ocrx_word' id='word_1_380' title='bbox 1983 3833 2016 3886; x_wconf 90' lang='lat' dir='ltr'><strong>et</strong></span> <span class='ocrx_word' id='word_1_381' title='bbox 2044 3822 2203 3886; x_wconf 87' lang='lat' dir='ltr'><strong>sermonis</strong></span> <span class='ocrx_word' id='word_1_382' title='bbox 2234 3829 2270 3884; x_wconf 92' lang='lat' dir='ltr'><strong>et</strong></span> 
     </span>
     <span class='ocr_line' id='line_1_33' title="bbox 459 3923 2268 4012; baseline -0.003 -23"><span class='ocrx_word' id='word_1_383' title='bbox 459 3923 697 4008; x_wconf 87' lang='lat' dir='ltr'><strong>chronologica,</strong></span> <span class='ocrx_word' id='word_1_384' title='bbox 721 3923 924 4007; x_wconf 86' lang='lat' dir='ltr'><strong>epitomatori</strong></span> <span class='ocrx_word' id='word_1_385' title='bbox 946 3923 1057 3987; x_wconf 90' lang='lat' dir='ltr'><strong>voraci</strong></span> <span class='ocrx_word' id='word_1_386' title='bbox 1080 3923 1208 3987; x_wconf 89' lang='lat' dir='ltr'><strong>crimini</strong></span> <span class='ocrx_word' id='word_1_387' title='bbox 1232 3924 1396 4007; x_wconf 91' lang='lat' dir='ltr'><strong>darentur,</strong></span> <span class='ocrx_word' id='word_1_388' title='bbox 1424 3927 1479 4011; x_wconf 93' lang='lat' dir='ltr'><strong>qui</strong></span> <span class='ocrx_word' id='word_1_389' title='bbox 1501 3928 1667 4012; x_wconf 66' lang='grc' dir='ltr'><strong><em>κατέφαγεν</em></strong></span> <span class='ocrx_word' id='word_1_390' title='bbox 1697 3935 1730 3990; x_wconf 89' lang='lat' dir='ltr'><strong>et</strong></span> <span class='ocrx_word' id='word_1_391' title='bbox 1750 3929 1886 3994; x_wconf 66' lang='grc' dir='ltr'><strong><em>κατέπιεν</em></strong></span> <span class='ocrx_word' id='word_1_392' title='bbox 1909 3927 2017 3990; x_wconf 89' lang='lat' dir='ltr'><strong>omnia</strong></span> <span class='ocrx_word' id='word_1_393' title='bbox 2039 3945 2122 4010; x_wconf 90' lang='lat' dir='ltr'><strong>quae</strong></span> <span class='ocrx_word' id='word_1_394' title='bbox 2145 3925 2177 3987; x_wconf 90' lang='lat' dir='ltr'><strong>ei</strong></span> <span class='ocrx_word' id='word_1_395' title='bbox 2201 3943 2268 3985; x_wconf 91' lang='lat' dir='ltr'><strong>non</strong></span> 
     </span>
     <span class='ocr_line' id='line_1_34' title="bbox 458 4015 2270 4116; baseline -0.002 -24"><span class='ocrx_word' id='word_1_396' title='bbox 458 4027 633 4113; x_wconf 86' lang='lat' dir='ltr'><strong>placebant</strong></span> <span class='ocrx_word' id='word_1_397' title='bbox 656 4024 710 4089; x_wconf 76' lang='lat' dir='ltr'><strong>vel</strong></span> <span class='ocrx_word' id='word_1_398' title='bbox 732 4034 808 4108; x_wconf 89' lang='lat' dir='ltr'><strong>apta</strong></span> <span class='ocrx_word' id='word_1_399' title='bbox 830 4046 895 4088; x_wconf 90' lang='lat' dir='ltr'><strong>non</strong></span> <span class='ocrx_word' id='word_1_400' title='bbox 918 4025 1122 4090; x_wconf 89' lang='lat' dir='ltr'><strong>videbantur.</strong></span> <span class='ocrx_word' id='word_1_401' title='bbox 1168 4029 1391 4092; x_wconf 72' lang='lat' dir='ltr'><strong>statueremus</strong></span> <span class='ocrx_word' id='word_1_402' title='bbox 1413 4028 1512 4112; x_wconf 90' lang='lat' dir='ltr'><strong>igitur</strong></span> <span class='ocrx_word' id='word_1_403' title='bbox 1530 4028 1695 4100; x_wconf 83' lang='lat' dir='ltr'><strong>exstitisse</strong></span> <span class='ocrx_word' id='word_1_404' title='bbox 1724 4030 1800 4094; x_wconf 90' lang='lat' dir='ltr'><strong>olim</strong></span> <span class='ocrx_word' id='word_1_405' title='bbox 1825 4052 1905 4116; x_wconf 90' lang='lat' dir='ltr'><strong>opus</strong></span> <span class='ocrx_word' id='word_1_406' title='bbox 1934 4015 2130 4114; x_wconf 77' lang='grc' dir='ltr'><strong><em>πρωτότυπον</em></strong></span> <span class='ocrx_word' id='word_1_407' title='bbox 2158 4027 2270 4092; x_wconf 88' lang='lat' dir='ltr'><strong>Xeno·</strong></span> 
     </span>
     <span class='ocr_line' id='line_1_35' title="bbox 460 4127 2268 4220; baseline 0 -26"><span class='ocrx_word' id='word_1_408' title='bbox 460 4129 638 4216; x_wconf 90' lang='lat' dir='ltr'><strong>phonteum</strong></span> <span class='ocrx_word' id='word_1_409' title='bbox 660 4127 756 4214; x_wconf 84' lang='lat' dir='ltr'><strong>quale</strong></span> <span class='ocrx_word' id='word_1_410' title='bbox 779 4128 918 4200; x_wconf 78' lang='lat' dir='ltr'><strong>deceret,</strong></span> <span class='ocrx_word' id='word_1_411' title='bbox 933 4150 1094 4192; x_wconf 89' lang='lat' dir='ltr'><strong>summum</strong></span> <span class='ocrx_word' id='word_1_412' title='bbox 1117 4133 1261 4194; x_wconf 89' lang='lat' dir='ltr'><strong>omnium</strong></span> <span class='ocrx_word' id='word_1_413' title='bbox 1283 4131 1489 4218; x_wconf 88' lang='lat' dir='ltr'><strong>scriptorem,</strong></span> <span class='ocrx_word' id='word_1_414' title='bbox 1521 4131 1592 4216; x_wconf 92' lang='lat' dir='ltr'><strong>qui,</strong></span> <span class='ocrx_word' id='word_1_415' title='bbox 1616 4143 1664 4208; x_wconf 59' lang='lat' dir='ltr'><strong>,ut</strong></span> <span class='ocrx_word' id='word_1_416' title='bbox 1693 4155 1736 4198; x_wconf 87' lang='lat' dir='ltr'><strong>ex</strong></span> <span class='ocrx_word' id='word_1_417' title='bbox 1764 4132 1858 4197; x_wconf 92' lang='lat' dir='ltr'><strong>titulo</strong></span> <span class='ocrx_word' id='word_1_418' title='bbox 1882 4135 1952 4219; x_wconf 86' lang='lat' dir='ltr'><strong>jam</strong></span> <span class='ocrx_word' id='word_1_419' title='bbox 1982 4135 2089 4220; x_wconf 90' lang='lat' dir='ltr'><strong>operis</strong></span> <span class='ocrx_word' id='word_1_420' title='bbox 2120 4141 2268 4218; x_wconf 87' lang='lat' dir='ltr'><strong>apparet,</strong></span> 
     </span>
     <span class='ocr_line' id='line_1_36' title="bbox 460 4230 2269 4320; baseline 0.002 -24"><span class='ocrx_word' id='word_1_421' title='bbox 460 4254 525 4297; x_wconf 90' lang='lat' dir='ltr'><strong>non</strong></span> <span class='ocrx_word' id='word_1_422' title='bbox 549 4234 642 4298; x_wconf 82' lang='lat' dir='ltr'><strong>unias</strong></span> <span class='ocrx_word' id='word_1_423' title='bbox 667 4231 743 4295; x_wconf 89' lang='lat' dir='ltr'><strong>belli</strong></span> <span class='ocrx_word' id='word_1_424' title='bbox 766 4231 819 4296; x_wconf 90' lang='lat' dir='ltr'><strong>vel</strong></span> <span class='ocrx_word' id='word_1_425' title='bbox 843 4232 940 4295; x_wconf 88' lang='lat' dir='ltr'><strong>unius</strong></span> <span class='ocrx_word' id='word_1_426' title='bbox 957 4230 1158 4317; x_wconf 85' lang='lat' dir='ltr'><strong>reipublicae</strong></span> <span class='ocrx_word' id='word_1_427' title='bbox 1177 4233 1344 4297; x_wconf 89' lang='lat' dir='ltr'><strong>historiam</strong></span> <span class='ocrx_word' id='word_1_428' title='bbox 1363 4234 1570 4299; x_wconf 86' lang='lat' dir='ltr'><strong>scribendam</strong></span> <span class='ocrx_word' id='word_1_429' title='bbox 1593 4235 1655 4298; x_wconf 88' lang='lat' dir='ltr'><strong>sibi</strong></span> <span class='ocrx_word' id='word_1_430' title='bbox 1674 4237 1847 4320; x_wconf 85' lang='lat' dir='ltr'><strong>proposuit,</strong></span> <span class='ocrx_word' id='word_1_431' title='bbox 1870 4237 1929 4303; x_wconf 91' lang='lat' dir='ltr'><strong>sed</strong></span> <span class='ocrx_word' id='word_1_432' title='bbox 1946 4239 2044 4302; x_wconf 88' lang='lat' dir='ltr'><strong>totius</strong></span> <span class='ocrx_word' id='word_1_433' title='bbox 2062 4236 2269 4313; x_wconf 64' lang='lat' dir='ltr'><strong>Graeciaess),</strong></span> 
     </span>
    </p>
   </div>
   <div class='ocr_carea' id='block_1_5' title="bbox 456 4417 2271 5350">
    <p class='ocr_par' dir='ltr' id='par_1_7' title="bbox 461 4417 2269 4574">
     <span class='ocr_line' id='line_1_37' title="bbox 618 4417 2269 4493; baseline 0.001 -21"><span class='ocrx_word' id='word_1_434' title='bbox 618 4422 641 4486; x_wconf 89' lang='grc' dir='ltr'><strong>ι)</strong></span> <span class='ocrx_word' id='word_1_435' title='bbox 660 4419 706 4473; x_wconf 90' lang='lat' dir='ltr'><strong>Sic</strong></span> <span class='ocrx_word' id='word_1_436' title='bbox 723 4417 756 4474; x_wconf 82' lang='grc' dir='ltr'><strong>Ε.</strong></span> <span class='ocrx_word' id='word_1_437' title='bbox 776 4419 888 4472; x_wconf 86' lang='lat' dir='ltr'><strong>Curtius</strong></span> <span class='ocrx_word' id='word_1_438' title='bbox 906 4419 924 4474; x_wconf 89' lang='lat' dir='ltr'><strong>l.</strong></span> <span class='ocrx_word' id='word_1_439' title='bbox 942 4419 961 4470; x_wconf 95' lang='lat' dir='ltr'><strong>l.</strong></span> <span class='ocrx_word' id='word_1_440' title='bbox 980 4419 1027 4470; x_wconf 92' lang='grc'><strong>181</strong></span> <span class='ocrx_word' id='word_1_441' title='bbox 1047 4418 1214 4488; x_wconf 91' lang='lat' dir='ltr'><strong>simpliciter</strong></span> <span class='ocrx_word' id='word_1_442' title='bbox 1231 4425 1343 4476; x_wconf 78' lang='lat' dir='ltr'><strong>namet:</strong></span> <span class='ocrx_word' id='word_1_443' title='bbox 1363 4437 1427 4487; x_wconf 88' lang='lat' dir='ltr'><strong>„um</strong></span> <span class='ocrx_word' id='word_1_444' title='bbox 1445 4421 1500 4473; x_wconf 90' lang='lat' dir='ltr'><strong>den</strong></span> <span class='ocrx_word' id='word_1_445' title='bbox 1518 4422 1637 4475; x_wconf 80' lang='lat' dir='ltr'><strong>sehsten</strong></span> <span class='ocrx_word' id='word_1_446' title='bbox 1662 4423 1713 4476; x_wconf 90' lang='lat' dir='ltr'><strong>der</strong></span> <span class='ocrx_word' id='word_1_447' title='bbox 1736 4421 1904 4477; x_wconf 86' lang='lat' dir='ltr'><strong>asiatischen</strong></span> <span class='ocrx_word' id='word_1_448' title='bbox 1928 4423 2014 4477; x_wconf 91' lang='lat' dir='ltr'><strong>beute</strong></span> <span class='ocrx_word' id='word_1_449' title='bbox 2038 4424 2103 4477; x_wconf 81' lang='lat' dir='ltr'><strong>dein</strong></span> <span class='ocrx_word' id='word_1_450' title='bbox 2126 4427 2206 4493; x_wconf 86' lang='lat' dir='ltr'><strong>gotte</strong></span> <span class='ocrx_word' id='word_1_451' title='bbox 2232 4439 2269 4474; x_wconf 87' lang='lat' dir='ltr'><strong>zu</strong></span> 
     </span>
     <span class='ocr_line' id='line_1_38' title="bbox 461 4503 1390 4574; baseline 0.001 -16"><span class='ocrx_word' id='word_1_452' title='bbox 461 4505 596 4560; x_wconf 83' lang='lat' dir='ltr'><strong>weihen.“</strong></span> <span class='ocrx_word' id='word_1_453' title='bbox 631 4507 680 4561; x_wconf 83' lang='lat' dir='ltr'><strong>cfr.</strong></span> <span class='ocrx_word' id='word_1_454' title='bbox 698 4503 859 4574; x_wconf 86' lang='lat' dir='ltr'><strong>Hertzberg</strong></span> <span class='ocrx_word' id='word_1_455' title='bbox 876 4503 894 4560; x_wconf 82' lang='lat' dir='ltr'><strong>l</strong></span> <span class='ocrx_word' id='word_1_456' title='bbox 913 4504 931 4556; x_wconf 92' lang='lat' dir='ltr'><strong>l.</strong></span> <span class='ocrx_word' id='word_1_457' title='bbox 950 4505 993 4557; x_wconf 85' lang='grc'><strong>98.</strong></span> <span class='ocrx_word' id='word_1_458' title='bbox 1028 4503 1190 4559; x_wconf 87' lang='lat' dir='ltr'><strong>Lachmann</strong></span> <span class='ocrx_word' id='word_1_459' title='bbox 1208 4505 1225 4560; x_wconf 87' lang='lat' dir='ltr'><strong>l.</strong></span> <span class='ocrx_word' id='word_1_460' title='bbox 1245 4506 1262 4560; x_wconf 91' lang='lat' dir='ltr'><strong>l.</strong></span> <span class='ocrx_word' id='word_1_461' title='bbox 1283 4507 1332 4560; x_wconf 89' lang='grc'><strong>167</strong></span> <span class='ocrx_word' id='word_1_462' title='bbox 1351 4523 1390 4574; x_wconf 88' lang='lat' dir='ltr'><strong>sq.</strong></span> 
     </span>
    </p>

    <p class='ocr_par' dir='ltr' id='par_1_8' title="bbox 618 4588 2269 4664">
     <span class='ocr_line' id='line_1_39' title="bbox 618 4588 2269 4664; baseline 0.003 -20"><span class='ocrx_word' id='word_1_463' title='bbox 618 4593 642 4659; x_wconf 84' lang='lat'><strong>²)</strong></span> <span class='ocrx_word' id='word_1_464' title='bbox 662 4591 766 4645; x_wconf 88' lang='lat' dir='ltr'><strong>dstote</strong></span> <span class='ocrx_word' id='word_1_465' title='bbox 782 4591 1002 4658; x_wconf 82' lang='lat' dir='ltr'><strong>illaqueastions</strong></span> <span class='ocrx_word' id='word_1_466' title='bbox 1014 4589 1063 4644; x_wconf 83' lang='lat' dir='ltr'><strong>cir.</strong></span> <span class='ocrx_word' id='word_1_467' title='bbox 1073 4588 1343 4658; x_wconf 84' lang='lat' dir='ltr'><strong>Bueehssnsehuete,</strong></span> <span class='ocrx_word' id='word_1_468' title='bbox 1360 4589 1715 4663; x_wconf 79' lang='lat' dir='ltr'><strong>Philol.XX111652sqq.;</strong></span> <span class='ocrx_word' id='word_1_469' title='bbox 1733 4593 1765 4651; x_wconf 82' lang='lat' dir='ltr'><strong>G.</strong></span> <span class='ocrx_word' id='word_1_470' title='bbox 1782 4595 1902 4664; x_wconf 81' lang='lat' dir='ltr'><strong>Sauppe,</strong></span> <span class='ocrx_word' id='word_1_471' title='bbox 1919 4593 2269 4662; x_wconf 78' lang='lat' dir='ltr'><strong>su.Tsuchn.v1aosqq.</strong></span> 
     </span>
    </p>

    <p class='ocr_par' dir='ltr' id='par_1_9' title="bbox 460 4677 2271 4927">
     <span class='ocr_line' id='line_1_40' title="bbox 617 4677 2269 4749; baseline 0.002 -20"><span class='ocrx_word' id='word_1_472' title='bbox 617 4678 641 4743; x_wconf 76' lang='lat'><strong>³)</strong></span> <span class='ocrx_word' id='word_1_473' title='bbox 660 4677 695 4730; x_wconf 90' lang='lat' dir='ltr'><strong>de</strong></span> <span class='ocrx_word' id='word_1_474' title='bbox 713 4677 917 4746; x_wconf 86' lang='lat' dir='ltr'><strong>Xenophonteo</strong></span> <span class='ocrx_word' id='word_1_475' title='bbox 935 4679 982 4746; x_wconf 92' lang='lat' dir='ltr'><strong>qui</strong></span> <span class='ocrx_word' id='word_1_476' title='bbox 994 4679 1084 4731; x_wconf 71' lang='lat' dir='ltr'><strong>femur</strong></span> <span class='ocrx_word' id='word_1_477' title='bbox 1095 4679 1233 4747; x_wconf 80' lang='lat' dir='ltr'><strong>Agesilao,</strong></span> <span class='ocrx_word' id='word_1_478' title='bbox 1249 4677 1340 4730; x_wconf 89' lang='lat' dir='ltr'><strong>Berol.</strong></span> <span class='ocrx_word' id='word_1_479' title='bbox 1361 4681 1427 4732; x_wconf 87' lang='grc'>1863</span> <span class='ocrx_word' id='word_1_480' title='bbox 1444 4696 1491 4748; x_wconf 85' lang='lat' dir='ltr'><strong>pg.</strong></span> <span class='ocrx_word' id='word_1_481' title='bbox 1509 4681 1543 4734; x_wconf 88' lang='grc'><strong>56</strong></span> <span class='ocrx_word' id='word_1_482' title='bbox 1561 4697 1602 4747; x_wconf 90' lang='lat' dir='ltr'><strong>sq.</strong></span> <span class='ocrx_word' id='word_1_483' title='bbox 1622 4679 1668 4744; x_wconf 87' lang='lat' dir='ltr'><strong>(de</strong></span> <span class='ocrx_word' id='word_1_484' title='bbox 1686 4697 1740 4749; x_wconf 91' lang='lat' dir='ltr'><strong>quo</strong></span> <span class='ocrx_word' id='word_1_485' title='bbox 1758 4679 2269 4742; x_wconf 78' lang='lat' dir='ltr'><strong>libelloctr.Busehsenschutzt.1.);</strong></span> 
     </span>
     <span class='ocr_line' id='line_1_41' title="bbox 460 4760 2271 4835; baseline 0.002 -19"><span class='ocrx_word' id='word_1_486' title='bbox 460 4767 490 4816; x_wconf 91' lang='lat' dir='ltr'><strong>et</strong></span> <span class='ocrx_word' id='word_1_487' title='bbox 506 4760 683 4831; x_wconf 90' lang='lat' dir='ltr'><strong>„Xenophon</strong></span> <span class='ocrx_word' id='word_1_488' title='bbox 702 4763 752 4816; x_wconf 88' lang='lat' dir='ltr'><strong>der</strong></span> <span class='ocrx_word' id='word_1_489' title='bbox 766 4763 886 4832; x_wconf 78' lang='lat' dir='ltr'><strong>jungere</strong></span> <span class='ocrx_word' id='word_1_490' title='bbox 904 4763 962 4816; x_wconf 91' lang='lat' dir='ltr'><strong>und</strong></span> <span class='ocrx_word' id='word_1_491' title='bbox 980 4763 1126 4832; x_wconf 83' lang='lat' dir='ltr'><strong>Isocrates,</strong></span> <span class='ocrx_word' id='word_1_492' title='bbox 1145 4762 1213 4817; x_wconf 89' lang='lat' dir='ltr'><strong>oder</strong></span> <span class='ocrx_word' id='word_1_493' title='bbox 1236 4765 1307 4816; x_wconf 83' lang='lat' dir='ltr'><strong>tiber</strong></span> <span class='ocrx_word' id='word_1_494' title='bbox 1331 4763 1377 4818; x_wconf 92' lang='lat' dir='ltr'><strong>die</strong></span> <span class='ocrx_word' id='word_1_495' title='bbox 1404 4762 1545 4817; x_wconf 83' lang='lat' dir='ltr'><strong>orechten</strong></span> <span class='ocrx_word' id='word_1_496' title='bbox 1572 4763 1708 4820; x_wconf 85' lang='lat' dir='ltr'><strong>schrilten</strong></span> <span class='ocrx_word' id='word_1_497' title='bbox 1735 4766 1915 4835; x_wconf 88' lang='lat' dir='ltr'><strong>Xenophon’e</strong></span> <span class='ocrx_word' id='word_1_498' title='bbox 1944 4767 2001 4820; x_wconf 87' lang='lat' dir='ltr'><strong>und</strong></span> <span class='ocrx_word' id='word_1_499' title='bbox 2030 4767 2076 4820; x_wconf 89' lang='lat' dir='ltr'><strong>die</strong></span> <span class='ocrx_word' id='word_1_500' title='bbox 2102 4765 2271 4820; x_wconf 84' lang='lat' dir='ltr'><strong>Helleniku“</strong></span> 
     </span>
     <span class='ocr_line' id='line_1_42' title="bbox 460 4845 2149 4927; baseline 0.001 -26"><span class='ocrx_word' id='word_1_501' title='bbox 460 4864 525 4916; x_wconf 87' lang='lat' dir='ltr'><strong>pers</strong></span> <span class='ocrx_word' id='word_1_502' title='bbox 543 4847 556 4901; x_wconf 92' lang='lat'>1</span> <span class='ocrx_word' id='word_1_503' title='bbox 574 4865 669 4918; x_wconf 84' lang='lat' dir='ltr'><strong>progr.</strong></span> <span class='ocrx_word' id='word_1_504' title='bbox 688 4845 840 4917; x_wconf 72' lang='lat' dir='ltr'><strong>(Rogasen)</strong></span> <span class='ocrx_word' id='word_1_505' title='bbox 859 4847 951 4902; x_wconf 88' lang='lat' dir='ltr'><strong>Posen</strong></span> <span class='ocrx_word' id='word_1_506' title='bbox 970 4851 1046 4916; x_wconf 87' lang='grc'>1872,</span> <span class='ocrx_word' id='word_1_507' title='bbox 1064 4865 1130 4918; x_wconf 88' lang='lat' dir='ltr'><strong>pars</strong></span> <span class='ocrx_word' id='word_1_508' title='bbox 1148 4847 1176 4902; x_wconf 88' lang='lat' dir='ltr'><strong>ll</strong></span> <span class='ocrx_word' id='word_1_509' title='bbox 1192 4849 1222 4902; x_wconf 92' lang='lat' dir='ltr'><strong>in</strong></span> <span class='ocrx_word' id='word_1_510' title='bbox 1240 4848 1330 4904; x_wconf 85' lang='lat' dir='ltr'><strong>diario</strong></span> <span class='ocrx_word' id='word_1_511' title='bbox 1348 4849 1530 4927; x_wconf 74' lang='lat' dir='ltr'><strong>„Zeitsohriit</strong></span> <span class='ocrx_word' id='word_1_512' title='bbox 1546 4851 1590 4902; x_wconf 83' lang='lat' dir='ltr'><strong>tiir</strong></span> <span class='ocrx_word' id='word_1_513' title='bbox 1607 4849 1640 4902; x_wconf 86' lang='lat' dir='ltr'><strong>G.</strong></span> <span class='ocrx_word' id='word_1_514' title='bbox 1659 4849 1722 4906; x_wconf 86' lang='lat' dir='ltr'><strong>W.“</strong></span> <span class='ocrx_word' id='word_1_515' title='bbox 1741 4853 1808 4904; x_wconf 91' lang='grc'>1872</span> <span class='ocrx_word' id='word_1_516' title='bbox 1826 4851 1921 4908; x_wconf 82' lang='lat' dir='ltr'><strong>XXVI</strong></span> <span class='ocrx_word' id='word_1_517' title='bbox 1938 4867 2002 4922; x_wconf 83' lang='lat' dir='ltr'><strong>pag.</strong></span> <span class='ocrx_word' id='word_1_518' title='bbox 2020 4853 2071 4906; x_wconf 83' lang='grc'><strong>225</strong></span> <span class='ocrx_word' id='word_1_519' title='bbox 2089 4867 2149 4920; x_wconf 89' lang='lat' dir='ltr'><strong>sqq.</strong></span> 
     </span>
    </p>

    <p class='ocr_par' dir='ltr' id='par_1_10' title="bbox 618 4931 1114 5004">
     <span class='ocr_line' id='line_1_43' title="bbox 618 4931 1114 5004; baseline 0.01 -20"><span class='ocrx_word' id='word_1_520' title='bbox 618 4936 642 5000; x_wconf 85' lang='lat'><strong>⁴)</strong></span> <span class='ocrx_word' id='word_1_521' title='bbox 661 4932 711 4986; x_wconf 86' lang='lat' dir='ltr'><strong>clr.</strong></span> <span class='ocrx_word' id='word_1_522' title='bbox 730 4931 875 4986; x_wconf 86' lang='lat' dir='ltr'><strong>Beekhaus</strong></span> <span class='ocrx_word' id='word_1_523' title='bbox 894 4951 989 5003; x_wconf 84' lang='lat' dir='ltr'><strong>progr.</strong></span> <span class='ocrx_word' id='word_1_524' title='bbox 1006 4951 1052 5004; x_wconf 86' lang='lat' dir='ltr'><strong>pg.</strong></span> <span class='ocrx_word' id='word_1_525' title='bbox 1072 4936 1114 4989; x_wconf 90' lang='grc'><strong>28.</strong></span> 
     </span>
    </p>

    <p class='ocr_par' dir='ltr' id='par_1_11' title="bbox 617 5017 1896 5090">
     <span class='ocr_line' id='line_1_44' title="bbox 617 5017 1896 5090; baseline 0.002 -18"><span class='ocrx_word' id='word_1_526' title='bbox 617 5022 643 5087; x_wconf 75' lang='lat'><strong>⁵)</strong></span> <span class='ocrx_word' id='word_1_527' title='bbox 661 5018 710 5074; x_wconf 82' lang='lat' dir='ltr'><strong>cir.</strong></span> <span class='ocrx_word' id='word_1_528' title='bbox 731 5017 779 5071; x_wconf 82' lang='lat' dir='ltr'><strong>Gr.</strong></span> <span class='ocrx_word' id='word_1_529' title='bbox 797 5019 839 5086; x_wconf 79' lang='lat'><strong>93,</strong></span> <span class='ocrx_word' id='word_1_530' title='bbox 857 5021 923 5090; x_wconf 69' lang='lat'><strong>7253</strong></span> <span class='ocrx_word' id='word_1_531' title='bbox 942 5019 1023 5088; x_wconf 84' lang='lat' dir='ltr'><strong>Gypr.</strong></span> <span class='ocrx_word' id='word_1_532' title='bbox 1042 5037 1089 5089; x_wconf 85' lang='lat' dir='ltr'><strong>pg.</strong></span> <span class='ocrx_word' id='word_1_533' title='bbox 1109 5023 1141 5074; x_wconf 85' lang='lat'><strong>14</strong></span> <span class='ocrx_word' id='word_1_534' title='bbox 1159 5037 1219 5089; x_wconf 90' lang='lat' dir='ltr'><strong>sqq.</strong></span> <span class='ocrx_word' id='word_1_535' title='bbox 1238 5051 1269 5060; x_wconf 97' lang='lat'><em>-</em></span> <span class='ocrx_word' id='word_1_536' title='bbox 1288 5019 1394 5074; x_wconf 86' lang='lat' dir='ltr'><strong>Haenel</strong></span> <span class='ocrx_word' id='word_1_537' title='bbox 1412 5037 1459 5090; x_wconf 84' lang='lat' dir='ltr'><strong>pg.</strong></span> <span class='ocrx_word' id='word_1_538' title='bbox 1477 5025 1494 5073; x_wconf 81' lang='grc'>4</span> <span class='ocrx_word' id='word_1_539' title='bbox 1512 5038 1554 5088; x_wconf 88' lang='lat' dir='ltr'><strong>eq.</strong></span> <span class='ocrx_word' id='word_1_540' title='bbox 1889 5028 1896 5068; x_wconf 80' lang='grc'>1</span> 
     </span>
    </p>

    <p class='ocr_par' dir='ltr' id='par_1_12' title="bbox 456 5101 2270 5350">
     <span class='ocr_line' id='line_1_45' title="bbox 617 5101 2270 5180; baseline 0.004 -22"><span class='ocrx_word' id='word_1_541' title='bbox 617 5104 641 5170; x_wconf 79' lang='lat'><strong>⁶)</strong></span> <span class='ocrx_word' id='word_1_542' title='bbox 661 5105 742 5173; x_wconf 83' lang='lat' dir='ltr'><strong>Cypr.</strong></span> <span class='ocrx_word' id='word_1_543' title='bbox 763 5105 825 5157; x_wconf 79' lang='lat'>113:</span> <span class='ocrx_word' id='word_1_544' title='bbox 846 5101 874 5158; x_wconf 78' lang='grc' dir='ltr'><strong>ἐκ</strong></span> <span class='ocrx_word' id='word_1_545' title='bbox 892 5111 941 5160; x_wconf 81' lang='grc' dir='ltr'><strong>τοῦ</strong></span> <span class='ocrx_word' id='word_1_546' title='bbox 960 5106 1096 5175; x_wconf 83' lang='grc' dir='ltr'><strong><em>όυόμοτος</em></strong></span> <span class='ocrx_word' id='word_1_547' title='bbox 1114 5112 1162 5176; x_wconf 79' lang='grc' dir='ltr'><strong>τῆς</strong></span> <span class='ocrx_word' id='word_1_548' title='bbox 1181 5111 1340 5177; x_wconf 76' lang='grc' dir='ltr'><strong><em>συγγραφῆς</em></strong></span> <span class='ocrx_word' id='word_1_549' title='bbox 1359 5137 1390 5148; x_wconf 93' lang='grc'><strong>-</strong></span> <span class='ocrx_word' id='word_1_550' title='bbox 1409 5108 1537 5176; x_wconf 78' lang='grc' dir='ltr'><strong><em>φαίνεται</em></strong></span> <span class='ocrx_word' id='word_1_551' title='bbox 1554 5107 1677 5177; x_wconf 76' lang='grc' dir='ltr'><strong><em>καθαρά,</em></strong></span> <span class='ocrx_word' id='word_1_552' title='bbox 1695 5106 1738 5163; x_wconf 82' lang='grc' dir='ltr'><strong>ότι</strong></span> <span class='ocrx_word' id='word_1_553' title='bbox 1756 5109 1774 5179; x_wconf 77' lang='grc' dir='ltr'><em>ἡ</em></span> <span class='ocrx_word' id='word_1_554' title='bbox 1791 5108 1925 5178; x_wconf 72' lang='grc' dir='ltr'><strong>πρόθεσις</strong></span> <span class='ocrx_word' id='word_1_555' title='bbox 1942 5116 1992 5166; x_wconf 67' lang='grc' dir='ltr'><strong>συί</strong></span> <span class='ocrx_word' id='word_1_556' title='bbox 2012 5113 2193 5179; x_wconf 70' lang='grc' dir='ltr'><strong>Ξενοφῶντος</strong></span> <span class='ocrx_word' id='word_1_557' title='bbox 2216 5103 2270 5180; x_wconf 72' lang='grc' dir='ltr'><strong>ἧσο</strong></span> 
     </span>
     <span class='ocr_line' id='line_1_46' title="bbox 460 5189 2270 5266; baseline 0.003 -21"><span class='ocrx_word' id='word_1_558' title='bbox 460 5189 622 5260; x_wconf 75' lang='grc' dir='ltr'><strong><em>ρευικοτέρα</em></strong></span> <span class='ocrx_word' id='word_1_559' title='bbox 639 5211 681 5253; x_wconf 84' lang='grc' dir='ltr'><strong>τις</strong></span> <span class='ocrx_word' id='word_1_560' title='bbox 698 5196 754 5246; x_wconf 78' lang='grc' dir='ltr'><strong>τῶν</strong></span> <span class='ocrx_word' id='word_1_561' title='bbox 771 5189 907 5259; x_wconf 82' lang='grc' dir='ltr'><strong><em>πρότερον</em></strong></span> <span class='ocrx_word' id='word_1_562' title='bbox 925 5191 1077 5261; x_wconf 70' lang='grc' dir='ltr'><strong><em>ἱστορικῶν,</em></strong></span> <span class='ocrx_word' id='word_1_563' title='bbox 1094 5191 1251 5260; x_wconf 78' lang='grc' dir='ltr'><strong><em>μάλιστα</em></strong></span> <span class='ocrx_word' id='word_1_564' title='bbox 1269 5191 1307 5248; x_wconf 73' lang='grc' dir='ltr'><strong>δὲ</strong></span> <span class='ocrx_word' id='word_1_565' title='bbox 1324 5197 1387 5248; x_wconf 79' lang='grc' dir='ltr'><strong>τοῦ</strong></span> <span class='ocrx_word' id='word_1_566' title='bbox 1405 5193 1653 5248; x_wconf 73' lang='grc' dir='ltr'><strong><em>Θουκυδίδου·</em></strong></span> <span class='ocrx_word' id='word_1_567' title='bbox 1678 5194 1747 5250; x_wconf 75' lang='grc' dir='ltr'><strong><em>διότι</em></strong></span> <span class='ocrx_word' id='word_1_568' title='bbox 1766 5193 1781 5250; x_wconf 90' lang='grc' dir='ltr'><strong><em>ό</em></strong></span> <span class='ocrx_word' id='word_1_569' title='bbox 1801 5198 1863 5254; x_wconf 61' lang='lat' dir='ltr'><strong>Essa</strong></span> <span class='ocrx_word' id='word_1_570' title='bbox 1884 5193 1930 5251; x_wconf 71' lang='lat' dir='ltr'><strong>etv</strong></span> <span class='ocrx_word' id='word_1_571' title='bbox 1948 5193 2065 5265; x_wconf 71' lang='grc' dir='ltr'><strong>ἀνέλαβε</strong></span> <span class='ocrx_word' id='word_1_572' title='bbox 2082 5193 2118 5250; x_wconf 81' lang='lat' dir='ltr'><strong>vd</strong></span> <span class='ocrx_word' id='word_1_573' title='bbox 2136 5195 2270 5266; x_wconf 69' lang='grc' dir='ltr'><strong><em>ἱστορήσῃ</em></strong></span> 
     </span>
     <span class='ocr_line' id='line_1_47' title="bbox 456 5271 1941 5350; baseline 0.006 -22"><span class='ocrx_word' id='word_1_574' title='bbox 456 5271 490 5328; x_wconf 62' lang='grc' dir='ltr'><strong>ἓν</strong></span> <span class='ocrx_word' id='word_1_575' title='bbox 507 5275 554 5329; x_wconf 80' lang='lat' dir='ltr'><strong>aul</strong></span> <span class='ocrx_word' id='word_1_576' title='bbox 570 5273 657 5343; x_wconf 82' lang='grc' dir='ltr'><strong><em>μόνου</em></strong></span> <span class='ocrx_word' id='word_1_577' title='bbox 673 5274 792 5344; x_wconf 73' lang='grc' dir='ltr'><strong><em>γεγονός,</em></strong></span> <span class='ocrx_word' id='word_1_578' title='bbox 811 5274 861 5330; x_wconf 81' lang='grc' dir='ltr'><strong>τὸν</strong></span> <span class='ocrx_word' id='word_1_579' title='bbox 879 5275 1136 5346; x_wconf 70' lang='grc' dir='ltr'><strong><em>Πελοποννησιακὸν</em></strong></span> <span class='ocrx_word' id='word_1_580' title='bbox 1154 5275 1282 5344; x_wconf 68' lang='grc' dir='ltr'><strong><em>πόλεμον,</em></strong></span> <span class='ocrx_word' id='word_1_581' title='bbox 1300 5275 1368 5332; x_wconf 77' lang='lat' dir='ltr'><strong>stas</strong></span> <span class='ocrx_word' id='word_1_582' title='bbox 1381 5276 1432 5340; x_wconf 79' lang='grc' dir='ltr'><strong>τὰς</strong></span> <span class='ocrx_word' id='word_1_583' title='bbox 1449 5275 1562 5346; x_wconf 76' lang='grc' dir='ltr'><strong><em>πράξεις</em></strong></span> <span class='ocrx_word' id='word_1_584' title='bbox 1580 5279 1722 5350; x_wconf 73' lang='grc' dir='ltr'><strong><em>συμπάσης</em></strong></span> <span class='ocrx_word' id='word_1_585' title='bbox 1739 5285 1790 5348; x_wconf 83' lang='grc' dir='ltr'><strong>τῆς</strong></span> <span class='ocrx_word' id='word_1_586' title='bbox 1803 5280 1941 5343; x_wconf 76' lang='grc' dir='ltr'><strong><em>Ἑλλάδος.</em></strong></span> 
     </span>
    </p>
   </div>
   <div class='ocr_carea' id='block_1_6' title="bbox 0 0 2416 6084">
    <p class='ocr_par' dir='ltr' id='par_1_13' title="bbox 0 0 2416 6084">
     <span class='ocr_line' id='line_1_48' title="bbox 0 0 2416 6084; baseline 0 0"><span class='ocrx_word' id='word_1_587' title='bbox 0 0 2416 6084; x_wconf 95' lang='lat' dir='ltr'><strong> </strong></span> 
     </span>
    </p>
   </div>
  </div>
 </body>
</html>
