4820 6094
987 513 1144 612 2⁷...

162 719 332 806 proferens
355 739 419 784 non
445 717 649 784 intellexisse
670 717 802 783 videtur
825 717 1018 804 Cyprianus,
1042 717 1076 782 id
1099 715 1186 806 quod
1209 719 1446 804 apertissimum
1477 727 1542 796 est,
1571 717 1812 805 Thrasybulum
1843 721 1973 786 omnino

162 843 229 886 non
250 819 339 908 loqui
362 821 404 886 de
427 822 475 885 eis
497 821 640 907 tropaeis
664 842 758 906 quae,
780 819 834 886 vel
856 821 896 886 de
920 843 959 886 eo
981 831 1115 908 tropaeo
1145 822 1232 908 quod
1261 818 1429 886 sodales
1414 844 1484 908 yarn
1518 822 1750 903 instruxerint,
1785 823 1842 888 sed
1875 822 1973 910 plane

162 926 196 989 in
220 927 408 991 universum
432 923 603 1003 disserere,
627 923 801 1003 dicentem,
825 923 952 988 deos
927 947 953 987 er
975 923 1080 990 velint
1102 946 1204 1012 posse
1220 925 1299 1011 ipsis
1322 925 1419 988 etiam
1448 927 1562 1010 paucis
1591 935 1704 991 contra
1731 925 1834 991 multo
1862 926 1973 1013 plures

163 1028 274 1094 hostes
297 1029 499 1094 dimicaturis
521 1029 693 1092 victoriam
717 1025 797 1092 dare
820 1035 853 1092 et
882 1029 1086 1093 occasionem
1115 1037 1319 1115 tropaeorum
1350 1027 1627 1094 collocandorum.
1672 1029 1739 1094 Suo
1770 1030 1871 1116 igitur
1894 1029 1972 1116 jure

163 1129 323 1218 pluralem
344 1153 518 1198 numerum
539 1131 710 1217 usurpavit
735 1127 969 1216 Thrasybulus.

318 1233 471 1318 Denique
494 1233 592 1298 etiarn
616 1232 798 1298 Diodorum
821 1253 879 1318 pro
902 1255 937 1297 se
960 1233 1070 1317 facere
1092 1243 1186 1319 putat
1207 1234 1401 1321 Cyprianus,
1425 1236 1481 1320 qui
1502 1233 1583 1300 XIV
1604 1233 1648 1298 32
1677 1256 1723 1320 sq.
1754 1233 1818 1299 duo
1847 1231 1974 1322 proelia

163 1337 205 1402 ad
228 1335 356 1422 Phylen
379 1336 509 1421 duoque
532 1334 576 1399 ad
598 1335 771 1399 Peiraeum
794 1335 967 1400 commissa
988 1339 1336 1424 commemoraverit¹).
1382 1337 1448 1402 Sed
1480 1359 1596 1402 vereor
1624 1360 1665 1402 ne
1702 1339 1833 1424 egregie
1872 1335 1972 1402 falsus

164 1442 207 1504 sit
229 1439 329 1527 prr.
373 1439 473 1525 Apud
496 1438 679 1504 Diodorum
703 1440 789 1502 enim
813 1437 895 1503 XIV
916 1439 959 1503 32
980 1437 1071 1504 nulla
1103 1442 1234 1504 omnino
1262 1463 1374 1528 pugna
1401 1450 1554 1504 narratur
1588 1440 1646 1505 sed
1685 1441 1806 1527 Phyles
1844 1450 1972 1506 tautum

163 1545 331 1630 occupatio
354 1541 585 1632 (Θρασύβουλος
612 1578 657 1591 -·
678 1579 721 1590 -
750 1545 933 1626 κατελάβετο
955 1547 1069 1629 χωρίον
1090 1552 1147 1631 τῆς
1166 1545 1306 1631 Ἀττικῆς
1327 1545 1552 1628 ὀιυμαζόμενον
1572 1542 1707 1632 Φυλήν),
1735 1565 1832 1630 quam
1862 1549 1974 1608 narrat

164 1645 250 1710 Xen.
260 1644 293 1708 Π
305 1652 335 1725 4,
355 1645 385 1710 2.
411 1645 446 1708 ln
461 1669 487 1710 c.
497 1646 538 1710 33
556 1666 667 1732 pugna
680 1643 821 1710 refertur
836 1643 876 1708 ad
885 1644 1011 1731 Phylen
1023 1647 1204 1726 commissa,
1219 1646 1249 1709 h.
1263 1670 1291 1710 e.
1306 1647 1446 1731 impetus
1458 1645 1514 1712 ills
1526 1649 1799 1733 repentinus,quo
1809 1643 1970 1732 Thrasyb.

164 1749 273 1814 effecit
296 1759 332 1813 ut
349 1749 486 1834 triginta
503 1749 632 1835 tyranni
651 1771 686 1813 se
704 1750 889 1836 reciperent
904 1750 1249 1835 (Θρασ-ἐπιδίμενος
1266 1757 1308 1842 τῇ
1319 1757 1380 1816 τῶν
1396 1753 1539 1816 ἐναντίων
1552 1757 1734 1842 παρεμβολῇ
1741 1752 1844 1830 νυκτός
1861 1751 1972 1834 α’προς-

163 1855 301 1939 δοκήτως
318 1855 368 1918 καὶ
381 1855 511 1938 σαχνοιλς
524 1855 711 1932 α’ποκτείνας,
728 1855 797 1932 τοδς
810 1853 918 1932 ἄλλους
936 1855 986 1918 δαί
1003 1855 1039 1921 τι)
1056 1855 1225 1940 παράδοξον
1241 1853 1382 1940 ίξὲπληξε
1401 1856 1449 1919 καὶ
1466 1861 1573 1939 φυγεῖν
1590 1856 1631 1931 εἷς
1643 1855 1780 1938 Ἀθήνας
1797 1853 1972 1938 ἠνάγκασε),

163 1977 260 2040 quem
278 1954 417 2041 legimus
435 1954 523 2041 apud
546 1953 630 2019 Xen.
654 1953 790 2034 114;6;
813 1977 911 2042 porro
930 1978 949 2018 a
967 1955 1115 2020 Diodoro
1133 1965 1283 2020 narratur
1300 1957 1470 2042 occupatio
1488 1954 1687 2040 Munychias
1706 1960 1812 2042 (Θρασ.
1830 1953 1973 2042 ὥρμησεν

134 2071 139 2080 ”
163 2062 213 2124 ε’πὶ
231 2059 285 2125 τδν
304 2060 450 2144 Πειραιέα
474 2063 522 2124 κἀλ
549 2061 730 2144 κατελάβετο
755 2061 814 2145 τήν
847 2062 1045 2144 Μουνυχίαν)
1070 2081 1165 2146 quarn
1196 2060 1297 2124 refert
1324 2059 1408 2125 Xen.
1438 2058 1471 2122 11
1492 2059 1524 2139 4,
1555 2059 1611 2136 10,
1641 2057 1760 2123 deinde
1789 2079 1902 2144 pugna
1930 2055 1973 2121 ad

163 2161 335 2226 Peiraeum
349 2161 444 2240 facta,
463 2162 498 2225 in
516 2183 580 2248 qua
597 2159 717 2226 Critias
732 2162 803 2247 ipse
822 2173 959 2226 mortem
977 2161 1067 2242 obiit,
1087 2162 1174 2248 quod
1193 2164 1290 2227 stiam
1310 2161 1428 2249 legitur
1440 2161 1526 2248 apud
1541 2161 1627 2226 Xen.
1642 2160 1675 2224 II
1691 2161 1723 2240 4,
1743 2159 1793 2224 19.
1819 2159 1972 2246 Denique

165 2265 298 2329 additur
316 2264 404 2350 apud
422 2264 621 2329 Diodorum:
645 2275 719 2351 post
737 2265 822 2328 hanc
838 2287 981 2350 pugnam
1000 2265 1174 2330 nonnullos
1193 2289 1211 2330 e
1229 2265 1386 2333 militibus
1404 2265 1503 2329 XXX
1522 2273 1734 2351 tyrannorum
1754 2263 1913 2328 defecisse
1930 2261 1971 2327 ed

163 2367 404 2455 Thrasybulum
427 2379 524 2454 atque
547 2369 635 2434 hune
658 2369 766 2434 subito
788 2371 913 2455 impetu
936 2369 1098 2434 devicisse
1121 2369 1229 2474 hostes
1249 2379 1282 2433 et
1304 2389 1480 2454 occupasse
1503 2369 1691 2433 Peiraeum:
1714 2369 1794 2450 μετιλ
1818 2370 1852 2433 δὲ
1876 2374 1972 2433 ταῦτα

163 2480 285 2557 συχνῶν
294 2473 509 2558 ἀφισταμένων
521 2474 594 2560 πρός
613 2475 682 2552 τούς
693 2475 830 2559 φυγάδας
842 2475 871 2538 οἱ
882 2477 950 2560 περὶ
964 2475 1016 2540 τόν
1029 2472 1246 2562 Θρασύβουλον
1256 2476 1394 2560 ἔξαίφννμ
1406 2474 1550 2539 ἐπέθεντο
1568 2480 1631 2551 τοϊς
1648 2473 1802 2549 ἐναντίοις,
1819 2474 1868 2535 καί
1880 2471 1927 2553 μοί
1927 2497 1973 2562 gp

163 2575 366 2660 κρατήσαντες
383 2577 557 2661 ἐκυρίευσαν
574 2579 628 2642 τοῦ
645 2577 817 2662 Πειραιέως.
840 2574 932 2654 Quae
948 2577 1051 2639 verba
1069 2576 1115 2640 ita
1136 2575 1300 2641 intellexit
1314 2575 1499 2662 Cyprianus
1516 2585 1553 2640 ut
1570 2583 1736 2652 statueret,
1755 2571 1972 2657 duaspugnas

164 2678 310 2741 diversae
333 2677 388 2740 hie
417 2680 542 2742 narrari
565 2700 585 2740 a
607 2677 768 2743 Diodoro:
793 2701 877 2764 quae
898 2687 1007 2742 tamen
1030 2679 1192 2743 sententia
1213 2700 1278 2743 non
1301 2688 1390 2743 recta
1413 2687 1472 2746 est.
1517 2677 1570 2740 Ex
1593 2676 1732 2741 Diodori
1753 2676 1838 2741 enim
1861 2673 1972 2738 verbis

164 2779 261 2867 plens
283 2801 348 2844 non
370 2791 478 2865 potest
500 2779 621 2866 colligi,
644 2781 784 2846 diversis
807 2781 922 2845 diebus
945 2781 1003 2846 has
1025 2802 1151 2868 pugnas
1180 2783 1281 2846 factas
1311 2804 1398 2863 esse,
1427 2781 1463 2845 id
1492 2781 1578 2868 quod
1610 2791 1719 2844 tamen
1754 2778 1970 2842 necessarium

164 2892 265 2948 esset.
285 2883 366 2947 duas
389 2884 475 2948 enim
498 2907 625 2970 pugnas
648 2884 690 2949 ab
714 2885 836 2950 eisdem
860 2887 962 2970 copiis
984 2887 1088 2950 eodem
1110 2886 1162 2950 die
1185 2885 1372 2949 commissas
1394 2905 1492 2949 unam
1511 2893 1635 2947 tantum
1654 2892 1813 2968 putamus
1858 2880 1972 2966 ltaque

165 2996 280 3064 statuo,
305 3009 323 3048 a
345 2985 492 3051 Diodoro
516 3009 643 3074 quoquc
666 3011 763 3052 unam
786 2997 910 3052 tantum
932 3010 1075 3088 pugpam
1098 2987 1140 3052 ad
1163 2989 1334 3054 Peiraeum
1357 2988 1475 3051 factam
1498 2987 1669 3066 narrar1.'²)

320 3089 428 3154 Aliam
452 3089 601 3156 lacunam
625 3091 829 3157 statuendam
853 3113 924 3156 esse
954 3102 1066 3156 censet
1095 3091 1193 3178 prr.
1224 3090 1331 3170 1111,
1362 3091 1414 3154 26.
1466 3088 1664 3175 Dercylidae
1699 3089 1787 3152 enim
1815 3063 1972 3152 Meidiam

166 3195 388 3278 interroganti,
413 3217 486 3258 eum
510 3196 580 3282 ipse
603 3194 686 3260 falsa
708 3196 929 3281 responderet,
954 3196 1081 3282 Scepsii
1115 3198 1170 3283 qui
1202 3195 1340 3259 aderant
1367 3204 1483 3279 sponte
1512 3214 1593 3256 vera
1630 3193 1785 3257 referunt.
1841 3190 1972 3255 Deinde

167 3297 274 3361 denuo
293 3298 468 3383 inquirenti
487 3297 613 3362 verbis:
635 3297 702 3366 είτιί
718 3329 781 3382 μοι,
800 3303 910 3368 Μανία
928 3303 963 3366 δὲ
980 3297 1100 3378 τίνος
1077 3329 1134 3387 ην,·
1153 3319 1217 3362 non
1231 3301 1301 3383 ipse
1319 3297 1494 3382 respondet
1505 3295 1653 3378 Meidias,
1673 3297 1728 3379 qui
1742 3294 1972 3358 nuneomnino

165 3420 232 3463 non
255 3413 533 3483 commemoratur,
557 3401 615 3466 ssd
638 3403 755 3467 iterum
778 3402 977 3488 respondent
990 3403 1126 3488 Scepsii.
1172 3403 1237 3480 Qui
1260 3421 1333 3464 cum
1355 3421 1420 3462 non
1437 3399 1524 3483 jussi
1543 3398 1646 3463 verba
1663 3397 1780 3461 fecisse
1790 3394 1972 3477 videantur,

167 3499 265 3586 Cypr.
279 3504 405 3588 putat³)
420 3505 539 3568 omissa
553 3526 623 3569 esse
636 3505 678 3569 ab
690 3507 901 3590 epitomatore
916 3505 984 3569 fere
996 3501 1094 3568 haec:
1116 3508 1180 3571 ἐπεὶ
1199 3507 1233 3571 δὲ
1251 3499 1336 3583 οὗτος
1353 3503 1477 3581 ἐσιώπα,
1495 3502 1652 3588 ἠρώτησεν
1675 3503 1692 3566 ὁ
1709 3501 1895 3586 Δερκύλιδας
1905 3500 1974 3577 rode

166 3609 338 3691 Σκηιμιόυς·
362 3609 390 3673 οἱ
408 3611 443 3674 δὲ
460 3616 522 3673 κτλ.
567 3607 686 3687 Qualia
707 3607 853 3692 profecto
876 3607 979 3671 verba
1000 3607 1078 3672 addi
1100 3629 1295 3694 quamquam
1318 3615 1485 3690 poterant,
1509 3613 1616 3667 tamen
1641 3605 1737 3668 etiam
1759 3603 1806 3667 ita
1828 3613 1864 3666 ut
1887 3622 1974 3666 nunc

166 3707 288 3792 legitur
309 3709 398 3774 locus
421 3711 581 3774 obscurus
603 3732 673 3774 esse
697 3731 760 3774 uon
784 3709 923 3775 videtur.
967 3709 1091 3789 Quidni
1113 3713 1279 3788 sumimus,
1303 3710 1465 3794 Scepsios,
1500 3710 1555 3794 qui
1577 3715 1673 3770 antea
1700 3727 1891 3792 responsum
1920 3703 1974 3767 de·

167 3811 284 3876 derant
306 3835 370 3876 non
392 3815 592 3900 interrogati,
617 3836 690 3878 cum
713 3813 869 3877 Meidiam
893 3812 974 3876 falsa
996 3813 1159 3878 dicentem
1182 3813 1342 3890 audirent,
1366 3812 1482 3875 iterum
1507 3819 1622 3896 sponte
1654 3809 1757 3874 verba
1778 3809 1892 3872 fecisse
1915 3827 1973 3892 pro

166 3913 298 3995 Meidia,
322 3926 377 3980 aut
399 3939 463 3981 non
488 3927 726 4003 exspectantes,
749 3938 826 3980 num
850 3927 882 3980 et
904 3917 982 4002 quid
1005 3916 1061 4002 ille
1084 3917 1155 4003 ipse
1172 3931 1386 4003 responsurus
1405 3915 1448 3978 sit
1465 3923 1521 3977 aut
1536 3922 1697 3977 tacentem
1712 3930 1785 3975 eum
1800 3907 1973 3975 videntes?

166 4057 209 4068 -
231 4020 406 4086 Possumus
428 4024 525 4085 etiam
549 4031 690 4086 statuere
713 4031 802 4086 motu
826 4021 933 4107 aliquo
958 4031 1055 4106 atque
1077 4029 1171 4106 gestu
1193 4017 1405 4103 Dercylidam
1429 4016 1472 4079 ab
1495 4018 1542 4080 eis
1572 4017 1627 4102 qui
1656 4014 1834 4078 adfuissent
1862 4020 1973 4099 postu-

168 4123 251 4188 lasse
273 4134 310 4188 ut
329 4115 551 4212 respondeant
572 4148 632 4212 pro
655 4125 823 4208 Meidiat)
868 4124 1044 4188 Possumus
1067 4146 1179 4188 verum
1212 4123 1310 4184 etiam
1341 4119 1448 4184 locum
1478 4120 1524 4182 ite
1553 4119 1717 4203 explicare
1753 4125 1789 4180 ut
1816 4114 1972 4197 dieamus,

166 4225 320 4290 Meidiam
346 4231 476 4292 omnino
499 4249 564 4291 non
589 4251 659 4292 esse
681 4232 916 4313 interrogatum
941 4225 1050 4290 verbis
1073 4225 1147 4307 illis,
1171 4246 1284 4290 verum
1308 4223 1474 4308 Scepsios3
1499 4223 1551 4285 cui
1574 4223 1753 4286 sententiae
1776 4241 1843 4284 nou
1867 4218 1975 4286 obstat

166 4331 351 4416 imperativi
375 4329 454 4410 (εἶπέ
474 4340 539 4415 μοι)
562 4330 736 4419 singularis
758 4353 921 4414 numerus,
945 4332 1066 4417 quippe
1089 4331 1144 4416 qui
1168 4330 1298 4413 saepius
1321 4327 1352 4389 in
1376 4327 1470 4391 initio
1492 4335 1666 4411 usurpatus
1687 4326 1730 4387 sit
1750 4323 1975 4408 interrogatio·

166 4457 243 4500 num
266 4444 323 4499 sut
344 4432 603 4498 cohortationum
627 4435 669 4499 ad
692 4433 875 4521 complures
897 4433 1067 4497 dictarum.
1112 4431 1261 4496 Profecto
1284 4427 1372 4493 hune
1393 4430 1620 4515 imperativum
1638 4425 1705 4494 εἶπέ
1720 4454 1772 4509 μοι
1791 4423 1880 4488 nullo
1910 4424 1973 4488 alio

166 4536 240 4601 loco
262 4537 350 4623 apud
373 4537 624 4622 Xenophontem
647 4539 760 4601 inveni
781 4536 988 4603 referendum
1011 4537 1053 4600 ad
1076 4534 1268 4621 complures,
1292 4555 1365 4596 cum
1388 4531 1431 4596 ad
1454 4553 1551 4595 unam
1574 4551 1745 4614 personam
1768 4527 1974 4592 referendum

167 4643 351 4707 sexcenties
375 4642 442 4704 fere
465 4640 609 4726 legatum
640 4641 698 4705 sed
721 4641 819 4726 plane
842 4641 957 4706 eodem
979 4640 1076 4703 modo
1105 4639 1251 4724 usurpati
1274 4646 1349 4700 sunt
1377 4633 1433 4698 alii
1462 4632 1666 4720 imperativi:
1688 4635 1740 4718 ἄγε
1766 4634 1808 4719 δή
1831 4633 1973 4714 πέμψατε

327 4846 350 4910 ¹)
370 4863 433 4915 pag.
450 4847 499 4900 63:
529 4847 584 4900 Kal
609 4845 631 4900 δ
655 4851 704 4902 τοῦ
723 4845 870 4913 θαύματος
894 4843 998 4915 ἔρχεται
1016 4845 1055 4907 εἰς
1071 4844 1163 4898 πίστιν
1179 4839 1226 4895 καί
1244 4840 1259 4895 ὁ
1274 4837 1427 4908 Διόδωρος,
1445 4836 1520 4900 ὅστις
1537 4838 1639 4906 ἱστορεῖ
1655 4835 1707 4891 δύο
1719 4835 1812 4904 μάχας
1828 4830 1975 4902 γενομένας
1994 4853 1998 4866 ·

166 4931 228 5002 περ)
248 4930 341 5002 Φύλην
357 4931 404 4985 καλ
422 4931 474 4987 δύο
491 4931 554 4999 περ)
571 4927 621 4985 τὸν
639 4933 765 5000 Πειραιᾶ,
784 4930 827 4998 dgr
844 4932 918 4998 μίαν,
936 4930 974 4992 ὡς
991 4929 1010 4984 δ’
1024 4926 1175 4996 surrepere.

324 5021 349 5080 ι)
367 5015 418 5072 cfr.
436 5015 544 5070 Haenel
562 5015 580 5071 1.
599 5014 617 5070 l.
636 5017 677 5068 27.

324 5102 349 5168 ³)
366 5117 429 5170 pag.
449 5104 497 5156 66:
523 5100 595 5157 διότι
619 5098 649 5156 ἐν
675 5095 731 5174 ,lo
756 5102 922 5170 Δερκυλίδας
939 5099 1089 5169 διαλέγεται
1107 5098 1140 5167 με
1157 5097 1207 5154 τὸν
1226 5097 1356 5162 Μειδίαν,
1379 5093 1426 5148 καί
1451 5093 1640 5164 ἡάποίντησις
1664 5087 1833 5160 περιεμένετο
1850 5086 1907 5143 ἀπὸ
1924 5085 1976 5142 τὸν

167 5187 297 5254 Μειδίαν,
315 5185 418 5258 αἴφνης
436 5187 632 5258 ἀποκρίνονται
651 5185 753 5248 πάντες
771 5187 797 5242 cl
814 5191 865 5242 τοῦ
884 5189 1034 5254 συνεδρίου,
1052 5185 1136 5254 χωρλς
1153 5182 1189 5238 vd
1205 5181 1272 5245 τοὺς
1289 5179 1411 5252 ἐρωτήσῃ
1428 5183 1525 5242 κανείς.

323 5274 348 5341 ⁴)
367 5273 415 5330 cfr.
434 5272 540 5326 Haensl
558 5273 576 5328 1.
594 5273 613 5328 l.
632 5275 673 5326 35.
1751 5345 1767 5397 3
