4820 6094
854 509 860 538 ι
1328 483 1371 548 10

1274 573 1428 584 ..η-..-

448 715 512 757 non
535 703 652 778 posset.
699 682 759 755 His
782 691 983 776 potissimum
1006 657 1207 780 argumentig
1225 689 1388 784 adductus
1410 712 1496 769 sum,
1520 699 1556 754 nt
1578 713 1650 756 cum
1674 691 1715 754 A.
1739 691 1969 770 senneser-0¹),
1994 691 2034 756 A.
2058 689 2249 775 Miilleroi),

447 795 646 875 Haeuelio³)
676 795 810 879 probem
840 803 936 879 atque
964 794 999 856 in
1029 792 1203 856 verborum
1234 803 1422 858 contextum
1451 794 1672 879 recipiendam
1694 804 1804 880 putem
1833 796 2054 879 conjecturam
2077 795 2248 880 Kruegeri,

448 901 504 985 qui
532 901 722 982 μικρότερος
750 897 847 961 scribi
873 897 971 981 jussit
1000 916 1059 1005 ppo
1087 898 1297 982 μακρότερος.
1327 933 1362 944 -
1396 896 1489 975 Quae
1511 897 1643 983 quidem
1667 897 1818 982 Krueger
1840 896 1947 962 addit:
1976 897 2249 984 „Xenophontem

447 1004 481 1065 in
504 1001 613 1066 multis
630 1003 719 1086 justo
743 1001 955 1084 copiosiorem
979 1020 1050 1062 esse
1072 1019 1137 1062 nou
1160 997 1290 1063 videtur
1312 998 1405 1082 argui
1428 1004 1560 1084 poese“,
1585 1011 1618 1064 et
1639 1002 1790 1085 „ineptus
1813 999 1979 1064 videretur
2001 999 2191 1086 Dionysius,
2215 1011 2251 1065 ut

447 1106 503 1190 qui
527 1103 774 1188 Xenophontem
797 1103 1061 1189 μακρολογώτερου
1090 1103 1215 1166 diceret
1237 1123 1333 1188 quam
1356 1101 1597 1182 Herodotum“,
1626 1102 1747 1167 nullius
1776 1103 1931 1167 momenti
1954 1103 2092 1168 suntad
2116 1102 2247 1189 Cypria·

447 1229 525 1271 num
549 1216 581 1270 et
603 1206 794 1270 Grosserum
823 1205 1028 1282 refutandos,
1057 1207 1178 1291 quippe
1201 1207 1256 1291 qui
1280 1204 1493 1284 contendant,
1526 1207 1588 1270 sihi
1609 1229 1794 1292 persuasum
1816 1229 1877 1274 esee
1900 1229 1981 1293 opus
2003 1229 2118 1272 verum
2141 1207 2251 1272 Xeno-

447 1311 623 1397 phonteum
652 1319 775 1374 tantum
805 1309 980 1395 aliquando
1016 1311 1115 1373 fuisse
1144 1319 1180 1372 ut
1207 1331 1324 1374 revera
1356 1319 1453 1395 atque
1475 1310 1551 1394 jure
1579 1311 1842 1396 μακρολογώτερος
1870 1309 2038 1374 Herodoto
2066 1311 2249 1396 Xenophon

447 1415 552 1479 dictus
588 1435 659 1479 ease
687 1416 839 1500 posset⁴).
883 1412 1027 1476 Maxime
1056 1433 1134 1477 vero
1158 1411 1320 1498 Kruegeri
1350 1413 1538 1497 conjectura
1565 1412 1712 1476 firmatur
1734 1423 1829 1499 atque
1852 1415 2016 1477 sententia
2037 1413 2195 1500 Cypriani
2218 1429 2250 1481 et

448 1518 595 1582 Grosseri
626 1519 785 1581 refutatur
814 1515 878 1580 alio
907 1515 1046 1602 quodam
1077 1515 1165 1598 loco,
1195 1537 1290 1601 quem
1322 1515 1467 1580 laudavit
1496 1515 1645 1602 Krueger
1672 1523 1782 1601 (quem
1813 1526 1921 1580 tamen
1951 1518 2048 1581 etiam
2077 1515 2125 1580 illi
2154 1517 2250 1604 plane

446 1619 637 1715 negligunt),
658 1620 698 1683 de
717 1627 794 1684 vett.
814 1619 923 1704 script.
949 1641 1035 1685 cens.
1053 1618 1134 1682 426:
1159 1622 1306 1687 Φιλίστου
1323 1622 1358 1688 δέ
1375 1625 1423 1687 καλ
1447 1621 1641 1707 Ξενοφῶντος
1658 1625 1675 1688 ὁ
1692 1624 1750 1704 μὲν
1768 1624 1912 1707 Ξενοφῶν
1928 1624 2069 1710 ζηλωτής
2085 1624 2249 1709 Ἡροδότου

446 1726 562 1810 ἐγένετο
584 1725 660 1790 κατά
688 1751 718 1789 τε
742 1724 796 1801 τάς
824 1724 1030 1808 πραγματικάς
1052 1725 1101 1788 καὶ
1122 1724 1176 1801 τάς
1198 1725 1384 1814 οἰκονομικοῖς
1409 1729 1458 1788 acl
1480 1726 1533 1802 τάς
1553 1726 1682 1810 ἠθικός,
1710 1731 1752 1816 τῇ
1772 1727 1807 1792 δὲ
1828 1727 1974 1816 διαλέκτῳ
1997 1731 2042 1816 πῇ
2063 1728 2122 1808 μὲν
2142 1723 2247 1808 ὅμοιος

445 1823 639 1913 [Ἡροδότου]
668 1833 712 1917 πῇ
740 1825 911 1891 δ’ἕλάττωκ.
954 1825 1132 1903 Ἐκλεκτικὸς
1153 1827 1211 1907 μὲν
1239 1828 1296 1912 γάρ
1318 1829 1368 1892 καὶ
1389 1829 1521 1910 καθαρός
1543 1829 1668 1910 ὀνόμασι
1691 1832 1739 1893 καὶ
1761 1830 1863 1914 σαφής
1885 1833 1933 1893 καὶ
1954 1830 2083 1915 ἐναργής
2104 1832 2152 1894 καὶ
2174 1831 2250 1895 κατά

446 1933 505 2016 τήν
526 1933 667 1996 σύνθεσιν
688 1931 764 2014 ήδιλς
786 1932 834 1994 καί
855 1930 978 2014 εὔχαρις
999 1933 1047 1993 καὶ
1069 1931 1180 1994 πλείων
1207 1931 1365 2008 ἒκείυουὸ).
1398 1929 1544 2010 Ὓψους
1564 1932 1605 1996 δὲ
1626 1935 1688 1995 καὶ
1710 1935 2046 2016 μεγαλοπρεπείας
2074 1934 2249 1998 καθόλου

446 2041 515 2100 τοῦ
545 2035 748 2119 ἱστορικοῦ
780 2034 1010 2115 πλάσματος
1040 2033 1105 2098 οὐκ
1134 2033 1339 2116 ἐπέτυχεν·
1367 2031 1433 2098 αλλ’
1464 2035 1533 2099 οὐδὲ
1561 2041 1616 2100 τοῦ
1637 2034 1801 2120 πρέποντος
1823 2041 1889 2114 τοῖς.
1910 2035 2078 2118 προσώποις
2107 2037 2249 2114 πολλάκις

446 2139 634 2222 ἐστοχάσατο
641 2188 651 2215 ,
687 2141 848 2222 περιτιθεὶς
873 2137 1017 2222 αὐδράσιν
1045 2137 1177 2214 ἰδιώταις
1205 2139 1253 2200 aul
1281 2136 1442 2220 βαρβάροις
1470 2135 1538 2202 ἐσθ’
1567 2133 1616 2203 ὅτε
1648 2138 1752 2222 λόγους
1778 2137 1961 2228 φιλοσόφους
1989 2137 2059 2211 λόξει
2090 2139 2249 2222 χρώμενσς
2304 2120 2309 2131 ⁵

447 2245 594 2327 διαλόγοις
616 2241 771 2332 πρεπούσῃ
789 2244 911 2322 1μιῖλλου
932 2241 954 2326 ἢ
977 2247 1198 2326 στρατιωτικοῖς
1221 2240 1445 2324 κατορθώμασι.
1490 2238 1563 2317 Quo
1590 2236 1662 2303 loco
1692 2249 1723 2302 et
1753 2238 1909 2323 probatur
1937 2261 2003 2304 non
2033 2239 2075 2303 ab
2099 2239 2248 2304 omnibus

446 2345 665 2431 grammaticis
688 2353 721 2408 et
742 2343 913 2406 rhetoricis
935 2364 1000 2406 uno
1024 2363 1080 2406 ore
1103 2341 1268 2405 laudatum
1293 2353 1363 2404 es'se
1387 2339 1645 2427 Xenophontem,
1670 2352 1702 2405 et
1724 2341 1877 2427 Dionysii
1900 2364 2028 2428 quoque
2050 2341 2116 2407 illis
2139 2344 2249 2408 verbis

448 2471 522 2513 eum
544 2446 748 2532 reprehendi.
774 2483 816 2494 -—
2021 2455 2030 2464 '

601 2549 668 2614 Sed
695 2549 805 2613 verbis
833 2569 962 2634 quoque
991 2548 1219 2634 Xenophontis
1247 2548 1349 2632 ipsius
1372 2547 1547 2628 amesae)
1576 2547 1717 2633 probare
1739 2571 1833 2634 posse
1856 2549 1918 2613 sibi
1941 2551 2031 2614 visus
2054 2561 2119 2628 est,
2143 2549 2185 2612 ab
2209 2571 2249 2614 eo

446 2657 547 2721 fusius
577 2657 685 2718 omnia
714 2661 845 2716 narrata
874 2653 973 2716 fuisse
1003 2674 1100 2738 quam
1130 2673 1218 2716 nuno
1252 2653 1284 2714 in
1325 2651 1505 2716 Helleniois
1541 2651 1700 2738 legantur.
1753 2653 1862 2717 Verba
1893 2655 1979 2718 enim
2010 2653 2066 2717 IV.
2090 2649 2159 2734 8,l:
2189 2661 2249 2721 τῶν

446 2763 582 2847 πράξεων
610 2761 663 2837 τοίς
702 2760 759 2840 μὲν
787 2759 1076 2844 α’ξιομνημονεάτους
1104 2759 1214 2843 γράψω
1253 2757 1307 2834 τάς
1335 2758 1369 2822 δὲ
1397 2757 1446 2841 μή
1479 2759 1564 2834 α’ξόας
1595 2757 1685 2841 λόγου
1706 2759 1851 2842 παρήσω,
1885 2756 1982 2842 plane
2011 2757 2094 2821 falsa
2123 2779 2194 2821 esse
2216 2767 2249 2822 et

447 2855 529 2927 salsa
552 2862 765 2926 demonstrari
789 2881 808 2921 a
829 2855 1046 2944 Xenophonte
1068 2860 1140 2945 ipso
1162 2859 1303 2922 affirmat
1329 2857 1402 2936 Ga,
1433 2860 1461 2922 ai
1489 2857 1654 2923 historiam
1673 2855 1828 2944 'graecam
1852 2860 1952 2924 talem
1973 2862 2044 2946 ipse
2067 2862 2249 2948 scripsisset

447 2977 544 3052 atque
575 2964 747 3040 edidisset,
777 2960 906 3049 qualem
935 2985 1020 3025 nunc
1049 2961 1259 3045 haberemus,
1288 2963 1322 3024 in
1352 2983 1415 3047 qua
1443 2961 1564 3025 multae
1594 2985 1646 3026 ree
1676 2965 1943 3050 α’ξιομυημόυευτοι
1974 2967 2111 3029 omissae
2141 2975 2249 3029 essent

424 3069 552 3156 laffert
581 3069 636 3132 Gr.
668 3077 802 3131 mortem
832 3065 1014 3130 Alcibiadis
1045 3075 1077 3130 et
1105 3065 1264 3146 Socratis,
1294 3064 1471 3152 legationes
1499 3067 1590 3152 pacis
1622 3066 1793 3132 faciendae
1817 3090 1916 3133 causa
1937 3067 2248 3134 h²Lacedaemoniis

447 3172 497 3236 bis
520 3172 664 3236 Athenas
687 3171 825 3252 missas),
848 3168 932 3233 aliae
956 3167 1147 3232 brevissime
1170 3179 1319 3231 narratae
1344 3168 1450 3252 (velut
1470 3191 1600 3256 pugnae
1623 3169 1665 3234 ad
1683 3169 1835 3255 Cnidum,
1850 3172 1891 3237 ad
1906 3173 2044 3251 Naxum,
2060 3173 2249 3238 adLeuctra

447 3276 648 3352 commissae,
672 3271 905 3336 decadarchiae
928 3293 948 3334 a
965 3271 1132 3358 Lysandro
1154 3271 1330 3350 institutae,
1353 3272 1396 3337 30
1418 3282 1626 3358 tyrannorum
1651 3272 1781 3353 electio,
1811 3297 1877 3360 pax
1901 3274 2105 3353 Antalcidea)
2136 3287 2250 3340 contra

446 3381 528 3442 aliae
552 3377 651 3441 multo
675 3377 775 3440 husius
797 3373 928 3439 relatae.
951 3411 996 3423 -
1017 3373 1138 3439 Contra
1160 3396 1254 3461 quam
1278 3378 1589 3460 argumentationem
1623 3376 1704 3442 baec
1732 3399 1862 3442 moneo:
1892 3379 2036 3443 Primum
2060 3378 2162 3443 verba
2193 3377 2249 3442 illa

446 3491 512 3545 tam
534 3491 623 3544 arcte
647 3479 821 3544 cohaerent
850 3499 923 3542 cum
947 3475 1019 3542 aliis
1048 3487 1161 3556 (totum
1193 3480 1279 3542 enim
1315 3480 1534 3558 enuntiatum,
1563 3480 1649 3564 quod
1677 3481 1733 3548 Gr.
1762 3481 1941 3567 prudenter
1971 3504 2036 3546 non
2066 3483 2247 3567 exscripsit,

447 3595 494 3648 est
516 3584 592 3648 hoc:
614 3587 647 3650 ἐκ
668 3579 694 3674 ᾦ
716 3585 752 3649 δὲ
775 3584 873 3664 πάντα
896 3589 991 3666 ταῦτα
1012 3583 1187 3670 ἐπράττετο,
1209 3584 1247 3647 τά
1269 3583 1345 3647 κατά
1367 3584 1526 3649 θάλατταν
1547 3583 1587 3649 αδ
1609 3589 1658 3649 καὶ
1679 3572 1733 3664 τάς
1748 3588 1821 3671 πρός
1834 3588 1978 3684 θαλάττῃ
1990 3587 2088 3664 πόλεις
2104 3587 2249 3672 γενόμενα

445 3692 632 3777 διηγήσομαι
661 3693 724 3754 καὶ
746 3695 807 3754 τῶν
830 3689 964 3773 πραλξεωυ
979 3688 1072 3772 κτλ),
1096 3695 1133 3748 ut
1154 3684 1196 3748 ad
1220 3707 1259 3749 ea
1281 3687 1378 3748 etiam
1401 3684 1471 3749 sola
1497 3707 1580 3771 quae
1611 3688 1812 3772 praecedunt
1840 3688 2011 3752 referenda
2039 3691 2116 3769 sint,
2147 3689 2188 3753 ad
2217 3718 2255 3755 τα

446 3797 522 3863 κατά
544 3791 712 3871 θάλατταν,
734 3791 774 3854 ad
798 3811 924 3876 pugnas
946 3787 1080 3853 navales
1102 3791 1136 3852 in
1167 3787 1253 3852 bello
1285 3788 1491 3854 Corinthiaco
1522 3792 1724 3872 commissas,
1758 3814 1852 3878 oeque
1884 3815 1955 3856 vero
1988 3793 2031 3856 ud
2062 3815 2166 3858 οιπιιοτ
2198 3815 2248 3855 res

445 3921 579 3988 quarum
597 3897 759 3962 historiam
777 3894 1147 3980 conscripsitXenophou.
1191 3892 1322 3958 Deinde
1345 3916 1403 3957 nos
1427 3895 1556 3958 omnino
1580 3892 1718 3959 statuere
1741 3897 1921 3981 nequimus,
1944 3896 2023 3981 quid
2035 3893 2247 3980 Xenophonti

446 4001 690 4066 memorandum
719 3999 816 4063 luerit
838 3997 916 4084 quid
948 3998 1018 4061 lirae
1048 3997 1291 4082 exponendum,
1317 4019 1389 4062 cum
1412 4019 1471 4061 nos
1504 3995 1599 4084 plane
1628 4020 1693 4062 non
1721 4001 1881 4084 possimus
1904 3998 2054 4084 judicare
2089 3998 2168 4084 quid
2198 3997 2248 4062 illi

445 4108 720 4194 α’ξισμνημόνευτου
743 4105 846 4168 visum
870 4103 928 4166 sit:
950 4123 1032 4188 quae
1057 4103 1142 4165 euim
1172 4123 1253 4179 vox,
1282 4111 1318 4165 ut
1346 4101 1429 4165 aliae
1459 4100 1627 4188 ejusmodi,
1660 4124 1723 4165 non
1753 4101 1934 4166 absolutam
1966 4101 2106 4188 aliquam
2147 4101 2246 4166 habet

445 4211 650 4289 sententiam,
675 4205 733 4271 sed
754 4206 852 4292 plane
873 4206 1053 4289 relativam,
1077 4228 1150 4270 cum
1172 4205 1350 4270 secundum
1373 4204 1525 4288 indolem,
1548 4205 1725 4270 secundum
1748 4206 1883 4291 ingenia
1910 4215 1943 4269 et
1971 4207 2097 4269 animos
2126 4205 2249 4269 diversi

445 4312 593 4376 homines
616 4313 657 4378 de
680 4311 818 4375 diversis
838 4311 938 4375 rebus
960 4309 1091 4376 diverso
1113 4309 1209 4373 modo
1233 4312 1465 4392 existimarent,
1489 4320 1585 4395 atque
1609 4307 1740 4374 diversa
1761 4320 1941 4374 memoratu
1962 4309 2062 4394 digna
2092 4320 2124 4374 et
2155 4331 2247 4372 accu-

603 4485 627 4551 1)
644 4485 744 4538 Abrisz
763 4484 814 4536 der
831 4481 1036 4550 quellenkunde
1053 4481 1104 4534 der
1121 4497 1162 4550 gr.
1181 4482 1287 4550 gerch.¹
1311 4498 1357 4550 pg.
1376 4487 1417 4537 at.

602 4571 626 4636 ²)
646 4571 663 4624 l.
680 4570 699 4624 l.
716 4586 764 4640 pg.
783 4573 825 4622 92.
843 4570 892 4622 cfr.
911 4569 995 4623 etiarn
1013 4566 1191 4640 Pantazidsm
1211 4568 1228 4620 l.
1247 4569 1263 4621 l.
1283 4574 1324 4622 tl.

602 4655 759 4722 ³)1.1.10.
795 4657 860 4725 Ipse
879 4661 974 4709 tamen
990 4652 1098 4707 Hasnal
1117 4669 1162 4724 pg.
1183 4659 1212 4706 11
1232 4651 1365 4719 ostendit,
1384 4653 1523 4720 quomodo
1548 4653 1676 4707 (lmeseri
1699 4653 1839 4708 sententia
1865 4650 1982 4706 refutari
2010 4655 2107 4720 posset
2137 4652 2248 4706 etiamsi

445 4741 582 4814 Krusgeri
601 4743 763 4812 conjecturis
779 4742 885 4810 rejecta
902 4759 964 4796 cnm
983 4741 1125 4808 codicibus
1143 4742 1297 4809 legeremus
1315 4741 1486 4811 paapdrspoe:
1523 4736 1618 4793 Verba
1636 4741 1709 4794 enim
1738 4739 1808 4793 haec
1835 4738 1925 4791 omnia
1950 4736 2077 4805 Dionysii
2103 4737 2250 4792 referenda

446 4829 564 4885 suntad
582 4829 671 4886 τόπου
687 4831 808 4885 λεκτικόν
826 4843 1000 4900 aequavero
1019 4827 1054 4882 ad
1072 4829 1161 4883 τόπου
1177 4827 1375 4897 πραγματικόν.

555 4927 557 4938 “
601 4916 626 4985 ⁴)
645 4915 808 4984 Cyprianus,
830 4919 962 4986 Φιλόστιυρ
981 4921 1044 4968 att:
1062 4914 1134 4970 διότι
1152 4915 1264 4986 ἀληθῶς
1281 4915 1296 4970 ὁ
1316 4919 1378 4974 Ean.
1397 4915 1467 4970 εἶναι
1484 4918 1535 4968 τοῦ
1549 4911 1608 4981 Ἤρ.
1626 4913 1854 4981 πολυλογώτερος.

602 5007 627 5070 ⁶)
645 5003 739 5056 Meum
756 5002 802 5057 hio
819 5019 875 5058 uon
893 5008 937 5056 est
954 5003 989 5056 de
1007 5002 1099 5056 dubiis
1117 5001 1199 5070 hujus
1216 5001 1273 5056 loci
1290 5003 1382 5057 verbis
1401 5002 1538 5056 disserere
1555 5015 1610 5052 non
1628 4997 1718 5066 magis
1737 5013 1820 5066 quam
1846 4996 1880 5050 de
1906 4993 2047 5063 Dionysii,
2079 4993 2114 5047 de
2145 4992 2249 5061 quibus

446 5091 573 5145 omnibus
592 5091 674 5144 adeas
692 5087 920 5142 commentarium
938 5088 1085 5158 Kruegeri.
1889 5081 1898 5088 '

603 5176 626 5245 ὓ)
645 5181 687 5244 93,
706 5180 772 5243 ’λλός
793 5175 844 5228 cfr.
863 5191 956 5246 progr.
977 5179 1017 5239 15,
1034 5176 1082 5230 ubi
1100 5175 1184 5228 etiam
1202 5172 1284 5227 affert
1300 5172 1389 5227 verba
1407 5189 1476 5242 qnae
1493 5171 1625 5241 leguntur
1642 5170 1698 5226 VII
1715 5177 1739 5238 2,
1758 5177 1782 5236 1,
1800 5185 1871 5239 quae
1895 5171 1990 5222 umen
2007 5183 2064 5220 non
2089 5165 2179 5232 magis
2197 5180 2249 5234 pro
2293 5223 2296 5234 ,

446 5281 479 5317 eo
496 5263 588 5318 iacere
605 5265 733 5333 equidem
752 5263 899 5317 contendo.
