4820 6094
1254 491 1409 592 -ιι-

299 745 303 753 ·
425 697 511 778 (Alc.
523 699 606 779 ¹227)
629 697 713 764 οὕτω
735 703 864 787 λαμπρᾷ
883 697 1080 784 χρησάμενος
1108 697 1236 786 εὐτυχίᾳ
1264 700 1314 764 καὶ
1342 700 1594 783 φιλοτιμούμενος
1619 699 1713 779 εὕθιὶς
1733 700 2018 786 tyaatlwnsbuodar
2047 703 2092 789 τῷ
2122 704 2236 765 Τισσα-

423 803 524 888 φέρνει
547 808 609 867 κτλ.
654 799 719 864 Sed
744 822 817 863 cum
837 796 1021 883 Xenophon
1045 798 1114 862 iere
1135 819 1264 884 semper
1285 797 1368 862 nihil
1389 809 1501 864 narret
1522 823 1619 887 qnam
1642 823 1695 866 res
1709 801 1806 887 ipsas,
1822 802 2013 887 saepissime
2027 821 2092 864 non
2111 797 2235 864 addens

424 924 549 982 causas,
573 901 692 988 quibus
714 903 795 965 moti
816 900 962 964 homines
985 900 1122 985 egerint,
1146 898 1187 963 de
1210 899 1412 986 complendis
1434 903 1506 989 ejus
1527 903 1639 969 verbis
1671 925 1713 968 ne
1742 902 1797 968 hic
1824 902 1955 990 quidem
1984 902 2118 968 videtur
2146 903 2235 988 cogi·

423 1005 559 1070 tandum
582 1028 663 1070 esse.
709 1003 848 1069 Accedit
870 1002 957 1089 quod
981 1001 1037 1067 illa
1059 1001 1226 1067 Plutarchi
1251 1003 1352 1068 verba
1373 1003 1533 1072 rhetorem
1562 1006 1720 1094 produnt,
1754 1005 1885 1091 Ephoro
1924 1007 2022 1089 igitur
2061 1005 2235 1070 tribuenda

424 1118 516 1190 sunt3
541 1108 631 1172 credi
655 1108 741 1173 enim
765 1107 823 1170 vix
846 1114 963 1192 potest,
987 1127 1059 1172 eam
1081 1105 1182 1170 fuisse
1204 1105 1305 1169 solam
1327 1105 1382 1171 vel
1403 1112 1613 1197 praecipuam
1648 1131 1780 1174 causam
1805 1111 1947 1188 itineris,
1978 1118 2015 1173 ut
2045 1106 2235 1174 Alcibiades

423 1211 635 1297 Tissapherni
659 1208 852 1289 ostenderet,
875 1211 999 1295 sejam
1023 1231 1094 1273 esse
1117 1209 1234 1274 ducem
1256 1218 1421 1297 potentem
1445 1211 1694 1277 Atheniensium
1724 1221 1758 1276 et
1786 1212 1959 1293 victorem3
1988 1233 2029 1276 ea
2056 1213 2164 1297 potius
2192 1231 2236 1275 ex

424 1332 523 1379 cama
543 1315 607 1376 iter
628 1309 711 1376 illud
733 1313 821 1395 fecit,
844 1321 881 1373 ut
902 1310 1017 1379 foedus
1040 1333 1113 1375 curn
1137 1311 1355 1398 Tissapherne
1376 1312 1495 1378 iceret:
1518 1314 1606 1400 quod
1627 1337 1662 1379 se
1685 1315 1843 1380 victorem
1863 1315 1991 1380 facilius
2016 1311 2233 1399 perfecturum

424 1438 495 1481 esse
517 1413 664 1580 prochto
687 1412 917 1478 arbitrabatur
926 1417 954 1493 ¹)
996 1413 1078 1477 Jure
1109 1414 1209 1498 igitur
1237 1413 1576 1501 Bueohsenschueta²)
1612 1415 1808 1483 Plutarchsa
1846 1416 1904 1482 illa
1943 1415 2104 1502 ,“,phrase
2144 1413 2233 1497 dicit,

423 1516 513 1581 aliud
534 1518 626 1602 profe
608 1537 704 1581 erens
729 1515 926 1602 exemplum,
949 1515 1006 1580 ubi
1030 1514 1223 1580 Plutarchus
1254 1516 1405 1582 similiter
1433 1539 1565 1582 cansam
1593 1517 1775 1598 finxerit³):
1821 1519 1880 1584 Eis
1908 1541 1993 1605 quae
2021 1519 2124 1584 Thac.
2154 1517 2235 1582 Vlll

425 1622 487 1686 108
509 1631 683 1685 narrantur
705 1618 746 1684 de
768 1617 943 1683 Alcibiade
966 1619 1008 1683 ab
1031 1617 1377 1684 Halicarnassensibus
1398 1622 1571 1708 pecuniam
1594 1624 1750 1709 exigente
1771 1622 1859 1710 apud
1877 1621 1960 1687 Plut.
1980 1621 2051 1686 Alo.
2071 1611 2112 1688 tt
2137 1644 2235 1687 causa

423 1732 473 1788 est
460 1721 675 1788 taddita:”
648 1751 724 1791 ωετο
746 1727 811 1790 δεῖν
831 1751 879 1810 μη
902 1731 999 1802 κεναῖς
1021 1750 1109 1807 χερσι
1101 1725 1255 1809 μηὸὲ’
1233 1719 1397 1808 απριίκτοις
1419 1758 1462 1772 -
1483 1761 1527 1772 --
1548 1733 1755 1793 κατελθεῖν.-

578 1824 708 1890 Deinde
731 1825 817 1910 quod
841 1824 921 1889 dicit
944 1825 1090 1908 Grosser,
1122 1825 1224 1889 verba
1253 1825 1482 1912 Xenophontis
1510 1830 1635 1915 φάσκων
1663 1831 1790 1897 κελεύειν
1811 1831 1936 1914 βασιλέα
1963 1836 2108 1912 πολεμεῖν
2136 1830 2234 1914 Ἀθψ

422 1934 515 2010 ναίοις
542 1951 607 1993 non
630 1929 790 2016 praebere
812 1930 875 1994 nisi
897 1928 1080 1992 simulatam
1102 1951 1231 1993 eausam
1255 1951 1318 2016 qua
1340 1940 1446 1994 motus
1464 1931 1698 2017 Tissaphernes
1715 1929 1921 1995 Alcibiadem
1941 1929 2233 2018 comprehenderit,

422 2055 535 2097 veram
557 2054 578 2094 a
599 2030 773 2095 Plutarcho
795 2041 959 2096 servatam
981 2053 1068 2096 csse:
1098 2034 1190 2098 πάλαι
1213 2039 1309 2112 κακαῖς
1332 2035 1449 2100 decom
1483 2037 1542 2101 ὑπό
1568 2042 1630 2100 τῶν
1667 2038 1919 2118 Λακεδαιμονίων
1957 2037 2007 2100 καὶ
2045 2036 2234 2120 φοβούμενος

422 2139 523 2204 αἰτίαν
544 2142 648 2218 λαβεῖν
670 2138 703 2201 ἐκ
724 2136 885 2217 βασιλέως,
910 2173 942 2182 -
971 2135 1117 2221 prolecto
1139 2134 1274 2200 verbum
1307 2138 1432 2219 φάσκειν
1460 2137 1557 2200 etiam
1586 2135 1648 2200 hoc
1677 2135 1747 2202 loco
1771 2145 1806 2201 ut
1833 2158 1931 2221 saepe
1968 2157 1988 2200 a
2016 2121 2233 2222 Xenophonte

422 2242 469 2302 ita
491 2248 682 2324 usurpatum
707 2247 766 2301 est
779 2247 815 2316 ut
836 2235 1019 2300 simulatam
1043 2238 1204 2322 significet
1227 2259 1366 2302 causam.
1413 2237 1532 2302 Veram
1556 2249 1664 2304 autem
1694 2262 1715 2303 a
1736 2239 1911 2304 Plutarcho
1942 2249 2106 2304 servatam
2136 2249 2233 2325 atque

423 2365 465 2407 ex
490 2363 528 2406 eo
552 2343 584 2405 in
609 2341 860 2426 Xenophontem
883 2340 1104 2426 recipiendam
1134 2361 1205 2404 esse
1228 2339 1378 2425 equidem
1408 2362 1473 2405 non
1502 2343 1696 2426 putaverim.
1746 2342 1983 2428 Tissaphernes
2012 2343 2117 2425 enim,
2147 2340 2233 2406 haud

423 2449 565 2532 ignarus,
589 2445 899 2510 Lacedaemonios
890 2467 995 2531 ipsum
1019 2444 1106 2528 apud
1141 2465 1253 2528 regem
1283 2445 1470 2508 criminatos
1500 2465 1580 2523 esse,
1612 2466 1651 2508 ac
1680 2446 1799 2510 timens
1840 2467 1881 2512 ne
1909 2467 1929 2508 a
1957 2466 2036 2528 rege
2064 2445 2096 2507 in
2126 2446 2233 2529 ipsum

423 2550 782 2630 animadverteretur⁴),
806 2548 890 2612 hanc
912 2545 1079 2611 simulavit
1101 2568 1241 2626 causam,
1273 2568 1370 2632 quam
1396 2544 1474 2611 inde
1504 2557 1701 2633 compertam
1732 2547 1832 2612 habet
1860 2546 2044 2632 Xenophon
2074 2555 2107 2610 et
2136 2567 2230 2630 quam

423 2653 526 2730 solam
549 2653 658 2731 refert,
682 2673 755 2715 cum
779 2650 940 2735 Ephorus,
963 2651 1103 2735 scriptor
1126 2648 1180 2713 ille
1204 2652 1419 2736 πραγματικός,
1444 2666 1486 2713 ex
1508 2648 1644 2734 politica
1665 2673 1761 2737 quam
1784 2649 1981 2735 sequebatur
1999 2647 2234 2734 Tissaphernes

423 2757 569 2835 ειι1ει1),Ι
561 2779 630 2841 rpse
654 2754 794 2840 fingeret
815 2765 848 2817 et
869 2752 1006 2818 adderet
1028 2774 1160 2816 eausam
1184 2773 1249 2837 qua
1272 2751 1387 2815 ductus
1411 2773 1481 2816 esse
1504 2751 1741 2839 Tissaphernes
1774 2752 1941 2816 videretur
1970 2760 2006 2815 ut
2028 2749 2232 2815 Alcibiadem

424 2858 725 2946 comprehenderet.

579 2961 680 3028 Aliud
705 2960 824 3026 deinde
848 2959 935 3046 apud
959 2958 1212 3045 Xenophontem
1236 2979 1296 3043 per
1317 2925 1562 3042 epitomatorem
1586 2979 1673 3021 nunc
1701 2959 1855 3021 omissum
1883 2956 2084 3042 suppeditari
2114 2977 2134 3019 a
2161 2954 2233 3018 Plu-

425 3066 535 3131 tarcho
559 3066 639 3130 dicit
662 3066 816 3129 Grosser:
840 3062 1088 3127 Alcibiademe
1119 3060 1267 3125 custodia
1296 3059 1441 3146 elapsum
1471 3059 1681 3124 maledixisse
1710 3058 1921 3148 Tissapherni
1950 3059 2034 3139 (Alc.
2064 3059 2130 3142 28).
2181 3058 2233 3122 De

424 3172 500 3256 fuga
522 3171 609 3233 enim
633 3177 666 3234 et
687 3167 794 3232 reditu
819 3165 1001 3230 Alcibiadis
1030 3165 1100 3229 lere
1129 3163 1171 3228 ad
1199 3162 1337 3226 verbum
1370 3161 1486 3228 eadem
1515 3163 1649 3227 tradens
1683 3172 1781 3250 atque
1803 3161 2003 3249 Xenophon,
2039 3159 2233 3225 Plutarchus

424 3275 530 3339 addit:
568 3277 616 3338 καὶ
638 3300 693 3338 τον
710 3273 769 3353 μὲν
794 3271 1006 3356 Τισσααὲρνην
1029 3269 1313 3354 προςδιέβαλλεν,’
1288 3295 1328 3346 αις
1349 3270 1391 3331 rin
1392 3265 1534 3333 ’ἐκείνου
1555 3268 1742 3350 μεθειμένος.
1786 3265 1879 3345 Quae
1898 3276 2006 3329 tamen
2025 3264 2136 3342 verba,
2160 3285 2233 3327 curn

424 3400 520 3463 quem
543 3375 706 3440 adfinem
730 3371 921 3436 Alcibiades
945 3369 1123 3434 calumnias
1146 3370 1284 3434 dixisset
1305 3369 1446 3454 perspici
1469 3379 1618 3500 nequeat,
1648 3367 1734 3455 apud
1758 3367 2007 3454 Xenophontem
2027 3367 2132 3431 locum
2157 3366 2233 3430 olim

423 3480 575 3545 habuisse
599 3479 730 3544 omnino
753 3499 818 3540 non
842 3485 949 3563 potest
971 3475 1149 3562 probarit)

578 3581 680 3644 Recte
702 3580 843 3667 denique
868 3579 924 3644 Gr
948 3577 1029 3641 dicit
1051 3579 1181 3661 saepius
1204 3573 1292 3660 apud
1310 3572 1553 3638 Plutarchum'
1544 3595 1618 3659 rpse
1640 3571 1984 3659 verbaXenophontis
2006 3571 2125 3651 redire,
2146 3571 2236 3636 velut

424 3686 458 3748 in
480 3685 574 3749 initio
597 3705 624 3747 c.
647 3685 699 3762 28,
723 3682 812 3769 quod
835 3683 983 3765 congruit
1005 3702 1079 3742 curn
1103 3679 1187 3742 Xen.
1211 3678 1227 3741 I
1252 3679 1279 3760 1,
1319 3677 1367 3739 10.
1413 3676 1478 3740 Sed
1508 3675 1647 3740 Grosser
1669 3686 1767 3761 atque
1795 3697 1908 3740 omnes
1937 3675 1993 3760 qui
2024 3673 2233 3738 Plutarchum

424 3810 466 3852 ex
489 3785 710 3871 Xenophonte
734 3787 805 3870 ipso
829 3784 975 3847 hausisse
999 3792 1146 3846 statuunt
1168 3778 1287 3843 vellem
1309 3789 1524 3864 reputassent,
1554 3799 1631 3842 num
1661 3777 1751 3842 credi
1779 3779 1882 3862 possit
1909 3775 2000 3841 illum
2027 3775 2123 3863 plane
2153 3774 2235 3840 nihil

423 3888 587 3954 rettulisse
610 3887 652 3951 de
674 3889 794 3952 comite
816 3885 1003 3950 Alcibiadis
1025 3907 1044 3948 e
1068 3882 1215 3948 custodia
1237 3883 1402 3968 fugientis,
1424 3883 1452 3946 si
1474 3880 1562 3967 apud
1584 3879 1834 3966 Xenophontem
1857 3879 1990 3966 legisset
2009 3883 2089 3963 perd
2112 3888 2236 3947 Μαντι-

425 3994 499 4060 θέου
520 4000 575 4058 τοῦ
596 3989 722 4069 ἁλόντος
743 3991 786 4072 (ἓ.
808 3989 874 4073 10),
899 3999 1030 4052 etnam
1051 3986 1230 4073 putandum
1253 3990 1305 4065 sit,
1329 3984 1549 4062 Plutarchum,
1573 4005 1668 4069 quem
1691 3983 1748 4050 Gr.
1772 3986 1871 4048 sumit
1892 3984 1995 4047 multa
2023 4004 2120 4068 quam
2142 4003 2235 4045 aceu-

423 4097 585 4161 ratissime
607 4095 820 4178 exscripsisse
843 4115 885 4156 ex
907 4089 1134 4176 Xenophontis
1157 4091 1244 4154 veris
1262 4088 1453 4168 Hellenicis,
1476 4088 1530 4154 hic
1552 4087 1675 4153 dixisse
1694 4091 1789 4154 ἵππον
1810 4091 1931 4154 ποθὲν
1952 4087 2132 4174 εὐπορήσας,
2160 4107 2235 4148 cum

423 4197 608 4285 Xenophon
628 4199 658 4264 ei
677 4198 898 4284 praebuisset:
923 4199 961 4261 ἐν
980 4199 1110 4284 Καρίᾳ
1125 4197 1228 4260 ἵππιον
1245 4191 1486 4280 εὐπορήσαντες1
1515 4191 1544 4254 Ε
1566 4187 1686 4254 talibus
1704 4189 1785 4253 mihi
1798 4189 1930 4275 quidem
1944 4211 2041 4275 quam
2055 4190 2234 4253 certissime

424 4302 555 4366 videtur
577 4299 687 4386 colligi
711 4322 817 4387 posse,
840 4296 1223 4384 Xenophontemdpsum
1246 4317 1311 4359 non
1332 4297 1515 4382 inspectum
1538 4314 1609 4358 esse
1633 4313 1652 4355 a
1674 4291 1858 4357 Plutarcho.
1886 4331 1921 4340 —

582 4589 873 4661 ι)ο1ι.11ιιιοςιιαι1
891 4591 1004 4657 Dionys.
1023 4591 1083 4643 284.
1158 4591 1182 4654 ²)
1201 4587 1332 4644 11221.

581 4680 606 4746 ³)
624 4679 743 4746 proprio
761 4677 837 4732 enim
860 4676 1000 4730 Mertelt.
1018 4673 1175 4741 contendit,
1202 4689 1316 4727 cassam
1332 4669 1408 4723 illam
1428 4669 1572 4723 inventam
1594 4683 1656 4722 esse
1681 4683 1698 4720 a
1721 4664 1872 4720 Plutarcho
1901 4667 2000 4735 ipso,
2002 4665 2047 4733 ‚ad
2077 4665 2233 4735 aagendam

423 4766 542 4836 gloriam
559 4759 741 4914 Alqilgqggt
730 4847 799 4902 Vlll
817 4850 883 4913 1613
911 4841 1115 4914 Tissaphernes
1132 4861 1190 4897 was
1208 4843 1323 4896 anxium
1341 4847 1371 4895 to
1390 4840 1487 4910 regsin
1504 4855 1582 4892 some
1600 4836 1690 4891 credit
1707 4837 1775 4890 with
1793 4836 1841 4890 the
1859 4836 2165 4907 Ρολοροιιιιοιίιιιιμ-
2134 4835 2233 4892 -.ο1ι

424 4935 457 4992 Ε.
478 4933 627 4989 Curtiusl
646 4933 715 4988 1.-
735 4931 862 5002 llrueger
879 4932 915 4984 ad
933 4932 1015 4985 Dion.
1033 4933 1092 4984 284.

582 5023 606 5089 ⁵)
625 5021 660 5074 ds
679 5034 733 5088 qua
750 5017 822 5072 Xen.
841 5018 953 5071 omnino
974 5016 1045 5070 nihil
1064 5017 1141 5084 dicit,
1158 5019 1192 5068 ut
1209 5017 1285 5068 recte
1302 5015 1399 5065 monet
1422 5009 1453 5066 B.
1472 5011 1490 5065 l.
1508 5009 1527 5064 1.
1545 5011 1612 5080 2213
1638 5007 1687 5063 cir.
1707 5007 1911 5074 Breitenbach,
1931 5005 1976 5060 rh
1991 5024 2061 5062 mus.
2079 5008 2144 5062 519:
2165 5005 2232 5074 „dea

423 5106 512 5160 sind
505 5123 602 5160 tancre
620 5123 711 5176 gange
729 5104 784 5158 der
797 5102 906 5172 politik,
924 5100 970 5157 die
987 5101 1146 5170 Xenophon
1162 5097 1297 5166 nirgeuds
1314 5095 1460 5164 veriolgtf‘

580 5187 1025 5256 ο)ιι1ι,Βιιοο1ιιειιιιιι1ιιιο1ι1.1.
1047 5189 1107 5244 222.
