4820 6094
1010 513 1166 613 *aa*

181 721 349 788 Diodorus
371 743 467 786 vorot
512 722 695 806 έκιίτεροί
738 745 849 805 σφισι
879 719 1075 805 βοήθειαν
1111 721 1355 799 ·έλπί·ζοντες
1400 720 1699 807 παραγενέσθαι
1744 720 1889 806 μετέωροι
1929 731 1997 799 ταῖς

339 855 341 862 ⁴
388 827 507 892 ἐλπίσιν
534 825 680 909 ἐγένοντο,

184 933 227 994 e'x
249 927 364 993 eodem
387 926 476 994 fonte
498 929 580 994 haec
602 947 686 1012 quae
708 923 805 1010 plane
828 933 904 988 sunt
926 925 1089 989 contraria
1110 932 1239 1009 sumpta
1262 946 1342 1002 esse,
1366 923 1518 1009 equidem
1542 946 1607 988 non
1631 924 1787 988 concedo.

338 1030 440 1096 Porro
462 1054 483 1096 a
504 1028 680 1095 Plutarcho
707 1027 803 1092 aliter
833 1025 1010 1113 paullulum
1047 1049 1143 1112 quam
1177 1049 1197 1089 a
1237 1024 1454 1111 Xenophonte
1490 1026 1689 1113 descriptam
1731 1049 1801 1091 esse
1840 1025 1919 1089 dicit
1957 1025 1996 1089 B·

184 1153 327 1218 pugnam
350 1141 383 1197 et
405 1133 589 1197 accuratius
612 1141 645 1196 et
667 1131 723 1210 „in
755 1130 910 1215 majoram
935 1129 1118 1193 Alcibiadis
1147 1129 1317 1213 gloriam“‚
1348 1152 1444 1216 quem
1475 1131 1507 1193 in
1537 1141 1772 1217 persequentes
1802 1129 1910 1194 hostes
1939 1130 1996 1192 im·

183 1243 295 1324 petum
313 1237 430 1302 fecisse
449 1251 569 1322 eosque
587 1236 718 1321 fugasse
736 1231 792 1298 ille
809 1236 1000 1300 narraverit.
1038 1233 1134 1313 Quod
1153 1255 1218 1297 uon
1236 1241 1326 1298 recte
1345 1231 1490 1319 disputat
1501 1233 1538 1298 B.
1584 1232 1752 1296 Plutarchi
1771 1233 1857 1296 enim
1877 1232 1995 1296 verba:

339 1339 528 1427 ὥρμησαν
550 1344 613 1408 έπὶ
636 1341 722 1418 τούς
755 1344 997 1423 κρατοῦντας
1022 1341 1071 1402 καὶ
1100 1337 1261 1414 διώκοντας
1294 1342 1370 1402 τῶν
1403 1338 1748 1422 Πελοποννησίων
1782 1358 1842 1400 uon
1876 1334 1997 1418 signifi·-

185 1447 277 1505 oan't:
301 1441 374 1521 „die
397 1443 454 1525 (=
475 1439 549 1518 alle)
576 1440 695 1505 bereits
724 1441 757 1503 in
782 1438 840 1501 der
862 1438 1056 1524 verfolgung
1085 1437 1288 1525 begriffenen
1321 1436 1593 1524 peloponnesier“
1625 1438 1726 1525 (quod
1766 1448 1867 1503 esset:
1907 1442 1997 1518 τούς

185 1545 367 1630 κρατοῦντας
388 1547 716 1632 Πελοποννησίους),
740 1540 799 1606 sed
816 1541 1019 1628 significant:
1042 1543 1096 1624 „in
1116 1564 1180 1607 eos
1197 1541 1444 1626 Peloponnesios,
1464 1544 1520 1628 qui
1537 1542 1833 1628 persequebantur&
1857 1541 1891 1604 id
1911 1541 1996 1630 quod

185 1648 280 1731 bene,
304 1648 429 1732 opinor,
453 1647 602 1732 congruit
625 1668 699 1710 oum
722 1645 951 1729 Xenophontis
974 1643 1100 1708 verbis:
1124 1649 1164 1712 τοί
1184 1649 1243 1728 μέν
1265 1645 1415 1712 νικώντων
1437 1647 1475 1712 rel
1497 1648 1531 1736 δέ
1554 1647 1732 1728 νικωμένων.

341 1745 498 1815 Socordio
520 1749 640 1814 deiude
663 1770 728 1836 qua
750 1748 787 1815 B.
810 1747 1019 1812 Plutarchum
1042 1746 1123 1810 dicit
1145 1769 1164 1810 a
1187 1749 1254 1812 suis
1277 1751 1380 1834 ipsius
1409 1749 1519 1813 verbis
1549 1749 1644 1828 (haee
1676 1748 1763 1814 enim
1798 1743 1890 1834 putat
1925 1769 1997 1814 esse

186 1873 227 1917 ea
249 1873 333 1938 quae
355 1875 444 1936 nunc
465 1853 572 1938 ipsum
594 1853 744 1928 tractavit
767 1852 810 1916 ad
831 1851 928 1914 fontis
951 1852 1099 1928 transire,
1124 1850 1328 1930 cumlsubito
1351 1850 1392 1914 de
1412 1851 1667 1916 Atheniensibus
1691 1850 1878 1937 loqueretur
1900 1862 1998 1916 antea

186 1977 251 2018 non
273 1957 450 2020 nominatis
478 1959 574 2036 (τέλος
603 1961 638 2023 δέ
666 1963 728 2022 τῶν
755 1960 814 2039 μέν
842 1957 996 2038 πολιμίων
1027 1952 1189 2040 τριάκοντα
1222 1950 1368 2038 λαβόντες
1407 1960 1482 2034 κτλ.)
1519 1955 1634 2019 eodem
1670 1957 1746 2041 jure
1787 1954 1997 2041 Xenophonti

187 2060 317 2124 arimini
340 2059 447 2124 datur.
1129 2069 1134 2078 '

341 2162 442 2226 Aliud
465 2184 543 2227 vero
566 2171 792 2248 argumentum
815 2161 974 2247 praebere
1000 2161 1152 2226 videntur
1174 2161 1277 2226 verba
1299 2159 1465 2225 Plutarchi
1487 2164 1631 2250 τρόπαιον
1653 2162 1794 2242 ἔστασαν,
1816 2185 1899 2249 quae
1923 2163 2003 2230 cum¹

187 2263 274 2349 apud
296 2265 548 2351 Xenophontem
571 2265 818 2350 nonlegantur,
843 2274 973 2329 exstent
995 2261 1083 2349 apud
1105 2264 1286 2328 Diodorum
1311 2263 1405 2340 (XIII
1428 2264 1493 2343 47),
1518 2288 1561 2329 ex
1583 2287 1648 2330 uno
1672 2267 1760 2330 fonte
1784 2267 1826 2330 ab
1860 2276 1997 2354 utroque

186 2377 317 2453 sumpta
338 2377 431 2454 putat
452 2368 491 2432 Β.
534 2369 589 2433 Ex
611 2367 785 2434 Plutarcho
809 2378 917 2432 autem
940 2369 1093 2453 sequitur,
1116 2369 1221 2434 eodem
1243 2371 1295 2434 die
1318 2369 1425 2432 statim
1445 2377 1517 2454 post
1530 2390 1675 2454 pugnam
1691 2372 1895 2436 commissam
1915 2373 1997 2439 illud

186 2479 356 2557 tropaeum
379 2471 478 2536 fuisse
502 2471 695 2536 collocatum
719 2493 791 2536 cum
814 2472 980 2535 Diodorus
997 2482 1121 2557 postero
1143 2471 1266 2537 demum
1289 2472 1341 2535 die
1363 2471 1425 2536 hoc
1446 2471 1567 2534 factum
1588 2492 1659 2536 esse
1678 2475 1890 2559 apertissimis
1909 2475 1997 2541 dicat

187 2573 313 2638 verbis:
336 2579 496 2663 Ἀθηναῖοι
519 2578 585 2644 τότε
607 2579 732 2660 μὲν-
753 2613 796 2624 -
817 2577 1015 2654 ἀπέπλευσαν,
1039 2579 1102 2662 η”δη
1132 2578 1237 2655 νυκτὸς
1259 2577 1369 2661 οὔσης,
1398 2573 1420 2641 oi
1427 2604 1479 2658 μα
1506 2574 1670 2666 δ’ἡμέρᾳ
1701 2613 1744 2624 -
1774 2615 1814 2626 -
1843 2582 1915 2664 πρός
1954 2587 1997 2670 τῷ

187 2681 322 2772 προτέρῳ
344 2683 476 2770 τροπαίῳ
498 2681 589 2745 πάλιν
610 2683 712 2764 ἕτερον
733 2681 873 2766 ἔστησαν.

342 2781 443 2846 Recte
465 2781 607 2869 denique
630 2783 667 2848 B.
691 2783 804 2847 statuit
826 2782 929 2847 verba
950 2779 1134 2844 Plutarchi:
1159 2783 1366 2865 προςκείμενος
1388 2781 1493 2848 ἔκοπτε
1523 2818 1566 2830 -
1591 2819 1632 2830 -
1654 2791 1718 2848 τῶν
1740 2785 1860 2872 ἀνδρῶν
1881 2789 1997 2855 έκνιόν·

187 2911 248 2950 των
270 2905 335 2949 non
359 2887 541 2950 necessario
564 2908 636 2951 esse
659 2885 771 2950 addita
794 2885 882 2972 apud
905 2907 978 2949 eum
1002 2905 1108 2968 neque
1132 2882 1350 2947 desideranda
1372 2883 1458 2967 apud
1482 2883 1743 2972 Xenophontem.

337 2988 425 3054 -Mihi
447 3011 528 3052 vero
551 2987 737 3054 addendum
761 2999 820 3066 est,
843 2985 1020 3052 abhorrere
1043 2989 1140 3051 etiam
1164 2985 1236 3052 aliis
1258 2986 1357 3052 rebus
1389 2987 1555 3053 Plutarchi
1587 2993 1808 3056 narrationem
1837 3016 1858 3055 a
1886 2993 1996 3058 Xeno-

188 3087 327 3173 phontis,
351 3102 448 3176 atque
471 3093 516 3156 ita
538 3101 575 3154 ut
597 3091 687 3156 credi
709 3090 805 3176 plane
828 3100 971 3178 nequeat
991 3091 1078 3154 hune
1100 3090 1149 3155 illi
1167 3091 1272 3155 luisse
1294 3101 1370 3155 ante
1393 3089 1513 3155 oculos.
1559 3093 1670 3157 Monui
1688 3095 1760 3180 jam
1789 3093 1853 3158 alio
1883 3095 1997 3162 ordine

189 3214 287 3278 quam
310 3192 397 3277 apud
420 3192 630 3258 Plutarchum
654 3220 672 3258 a
694 3194 913 3281 Xenophonte
936 3216 988 3258 res
1011 3195 1154 3275 narrari3
1178 3193 1297 3258 deinde
1320 3217 1395 3260 oum
1417 3195 1601 3280 Xenophon
1624 3197 1739 3280 dicat:⁴

395 3302 437 3380 (ᾗ.
459 3297 492 3376 5)
514 3301 736 3386 ἐναυμάχησαν
757 3303 825 3383 περὶ
839 3300 976 3380 ’Ἄβυδον
997 3301 1074 3363 auru*
1096 3299 1155 3382 τήν
1176 3299 1277 3383 η’ϊόνα,

345 3397 536 3464 Plutarchus
558 3400 639 3467 haec
662 3412 787 3466 tantum
811 3400 925 3466 habet:

394 3507 675 3591 διαναυμαχοῦντες
697 3508 765 3587 περὶ
785 3505 930 3587 Ἄβυδον.

344 3604 496 3692 Denique
520 3629 599 3671 vero
622 3630 697 3672 cum
719 3605 907 3693 Xenophon
930 3605 1053 3670 tradat:

397 3715 439 3790 (ᾧ.
463 3711 505 3789 6.)
550 3714 751 3798 Φαρνάβαζος
772 3713 957 3798 παρεβοήθει
979 3715 1028 3776 καὶ
1047 3711 1314 3792 ἐπεισβαίνων
1336 3715 1388 3800 τῷ
1406 3711 1515 3800 ἵππῳ
1544 3711 1585 3788 εἰς
1605 3713 1666 3796 τῆν
1693 3713 1853 3781 θάλατταν
1886 3751 1923 3764 -
1955 3707 1997 3767 -’

481 3816 617 3899 έμοίχετο
641 3851 680 3862 -
704 3817 753 3880 καί
774 3822 838 3893 τοῖς
858 3815 962 3893 ἄλλοις
982 3822 1065 3894 τοῖς
1086 3819 1205 3880 αὐτοῦ
1226 3813 1386 3880 ἱππεῦσι
1409 3816 1458 3878 καὶ
1479 3816 1583 3893 πεζοῖς
1603 3818 1825 3898 παρεκελεύετο,

345 3938 409 3978 non
432 3916 535 3980 solum
559 3916 660 3982 multo
683 3916 815 3982 brevior
837 3918 895 3982 sed
917 3916 1015 4003 plane
1037 3917 1201 3981 contraria
1222 3924 1271 3980 est
1293 3917 1436 3979 narratio
1460 3914 1643 3983 Plutarchi:

395 4023 599 4106 Φαρναβάζου
620 4025 721 4112 πεζῇ
741 4028 1002 4108 προςβοηθσῦντος
1023 4023 1126 4099 αὐτοῖς
1148 4023 1198 4084 καί
1219 4019 1401 4102 μαχομένου
1426 4019 1527 4104 arist)
1551 4057 1593 4068 —

345 4223 397 4288 De
420 4225 536 4289 itinere
560 4247 624 4312 quo
646 4225 709 4290 hac
731 4247 842 4313 pugna
864 4227 1036 4291 commissa
1065 4223 1256 4290 Alcibiades
1283 4223 1325 4288 ad
1354 4223 1622 4310 Tissaphernem,
1663 4227 1717 4311 qui
1758 4235 1826 4290 tum
1855 4228 1890 4292 in
1922 4177 1998 4294 liel-

190 4323 339 4409 lesponto
358 4327 474 4412 στιλλ),
496 4329 663 4413 profectus
686 4329 728 4393 ab
751 4351 855 4415 eoque
877 4328 1129 4414 comprehensus
1152 4338 1322 4413 satagens
1344 4326 1526 4410 Grosserl),
1557 4349 1687 4392 causam
1716 4350 1781 4413 qua
1809 4341 1914 4396 motus
1943 4332 1998 4397 Al·

192 4427 337 4491 cibiades
359 4428 422 4493 iter
444 4431 559 4495 feeerit
580 4431 660 4495 dicit
683 4432 725 4497 ab
748 4435 961 4518 epitomatore
985 4433 1135 4495 omissam
1161 4429 1259 4510 (Hell.
1282 4429 1298 4492 1
1322 4432 1351 4510 1,
1374 4429 1395 4493 9
1417 4438 1477 4515 sq.)
1500 4439 1660 4495 servatam
1685 4452 1755 4494 esse
1777 4454 1797 4496 a
1823 4431 1997 4500 Plutarcho

350 4672 374 4738 ι)
391 4671 469 4726 Haec
486 4675 570 4741 atque
588 4671 656 4725 talia
671 4687 770 4726 vereor
786 4687 822 4724 ne
840 4669 977 4726 Grossero
995 4672 1066 4726 nihil
1082 4672 1202 4740 probare
1220 4669 1375 4736 videantur,
1403 4671 1450 4738 qui
1468 4669 1539 4722 banc
1557 4669 1692 4738 proponit
1708 4672 1875 4734 sententiam
1894 4676 1998 4741 (progr.

182 4755 490 4824 ¹15):‚‚hiert›ei(tue.
508 4758 537 4810 in
555 4757 731 4812 conterendis
749 4755 900 4810 Plutarcho
918 4761 948 4812 et
964 4757 1164 4825 Xenophonte)
1181 4757 1220 4810 ist
1237 4773 1271 4809 zu
1289 4760 1425 4825 erwagen,
1443 4752 1508 4808 dasz
1532 4753 1583 4807 auf
1604 4754 1649 4808 die
1667 4754 1836 4811 differenzen
1852 4755 1932 4810 nicht
1948 4757 1998 4812 das

190 4841 299 4910 gleiohe
317 4843 437 4912 gewicht
453 4843 517 4897 sallt
533 4843 586 4896 wie
604 4842 654 4896 auf
667 4841 714 4897 die
731 4843 1029 4912 iibereinstimmung.“
1064 4840 1144 4910 Quod
1161 4842 1273 4895 axioma
1290 4839 1359 4895 mihi
1377 4841 1460 4909 plane
1477 4839 1579 4894 falsum
1596 4845 1679 4909 atque
1697 4858 1860 4910 perversum
1879 4841 1998 4910 videtur,

190 4943 280 4997 neque
297 4933 366 4996 puto
383 4945 516 4996 nmquam
532 4927 682 4996 probatum
699 4929 748 4984 iri:
766 4946 831 4982 narn
848 4933 956 4982 rectum
975 4929 999 4981 si
1018 4932 1100 4991 esset,
1117 4927 1188 4980 nihil
1201 4927 1260 4996 jam
1277 4943 1366 4997 neque
1384 4927 1499 4995 probari
1515 4941 1607 4996 neque
1623 4925 1739 4981 refutari
1756 4932 1859 4995 posset.

349 5012 373 5081 ²)
391 5011 464 5068 Hell.
481 5012 496 5066 1
515 5015 538 5079 1,
556 5013 573 5068 9
590 5013 653 5066 coil.
672 5012 759 5067 Thac.
776 5013 844 5068 vm
863 5015 914 5068 109
929 5029 983 5080 „ex
1000 5013 1101 5082 quibus
1119 5013 1189 5066 locis
1202 5012 1398 5082 Xenophontis
1416 5010 1564 5066 historiam
1582 5017 1660 5066 arcte
1678 5010 1830 5066 cohaerere
1849 5027 1911 5066 oum
1925 5013 1998 5067 Thu·

191 5097 309 5168 eydidea
324 5101 412 5167 patet
431 5104 463 5152 ut
480 5103 556 5153 reete
574 5102 672 5152 monet
687 5097 805 5152 Mitiord
822 5097 862 5152 IV
880 5099 949 5153 376“
965 5096 1094 5167 Xruager
1111 5098 1147 5152 sd
1165 5098 1279 5168 Dionys.
1297 5101 1356 5166 284,
1376 5115 1439 5152 ann.
1457 5101 1498 5158 79.
1518 5131 1550 5138 -
1570 5097 1620 5152 olr.
1638 5096 1671 5152 Ε.
1690 5097 1809 5164 Curtius,
1828 5097 1918 5152 1.1.11
1931 5099 1998 5168 6633

192 5183 279 5238 Grote
299 5183 366 5238 VlIl
385 5187 444 5244 161.
462 5214 496 5226 -
513 5183 540 5241 J.
559 5184 663 5254 Spiller
680 5185 874 5253 quaestionum
892 5185 927 5242 ds
944 5184 1018 5238 Xan.
1036 5183 1064 5238 h.
1081 5201 1123 5256 gr.
1141 5201 1214 5254 spec.
1233 5186 1275 5242 25.

348 5271 374 5338 8)
392 5271 411 5327 L
428 5271 448 5325 l.
465 5271 508 5339 93,
526 5271 592 5339 728;
610 5270 670 5338 105,
684 5271 749 5336 7375
769 5285 862 5339 progr.
880 5271 923 5329 20.
1186 5277 1191 5282 '
