4820 6094
967 503 972 516 '
1013 533 1169 636 aa...

339 742 513 808 Sumentes
536 741 646 826 igitur,
669 747 705 804 ut
727 741 841 826 paucis
863 739 985 806 abhinc
1007 740 1101 804 annis
1125 739 1167 805 ab
1191 739 1341 804 omnibus
1366 740 1433 803 lere
1456 738 1642 804 hominibus
1664 738 1771 802 docus
1788 735 2002 816 statuebatur,

182 845 396 912 Plutarchum
419 847 452 910 in
476 841 729 930 conedibendis
754 845 830 908 vitis
857 842 1040 908 Alcibiadis
1070 841 1234 930 Lysandri
1263 841 1409 928 Agesilai
1441 863 1533 904 usum
1564 841 1664 906 fuisse
1694 840 1929 927 Xenophonte,
1964 861 2003 905 ac

184 947 345 1029 videntes,
368 946 404 1010 id
426 946 515 1033 quod
537 946 682 1032 profecto
701 947 865 1012 neminem
889 956 997 1030 potest
1019 945 1143 1032 lugere,
1167 944 1333 1024 nonnulla,
1356 944 1408 1008 vel
1431 943 1546 1022 multa,
1577 941 1904 1028 apudjffPlutarchurn
1933 942 2003 1006 fere

184 1049 386 1118 adverbum
409 1070 482 1116 cum
506 1048 688 1115 Hellenicis
707 1071 898 1136 congruere,
922 1047 988 1112 alia
1009 1071 1088 1114 vero
1111 1050 1213 1114 fusius
1236 1056 1367 1112 narrata
1389 1069 1459 1112 esse
1481 1047 1524 1111 ab
1547 1045 1684 1126 illatas
1716 1055 1938 1132 pervenerunt
1968 1054 2005 1120 ut
2033 1065 2038 1076 ·

185 1153 342 1228 dicerent,
367 1175 431 1217 non
456 1152 553 1217 modo
576 1175 721 1238 eaquae
744 1154 841 1217 etiam
866 1151 986 1216 similia
1010 1162 1119 1217 essent
1140 1152 1225 1239 apud
1249 1150 1456 1216 Plutarchum
1482 1159 1514 1214 et
1535 1153 1570 1214 in
1593 1150 1782 1234 Hellenicis,
1814 1149 1934 1214 abillo
1962 1171 2005 1213 ex

190 1256 243 1320 his
266 1277 338 1320 osse
361 1265 499 1341 sumpta,
523 1255 580 1322 sed
603 1255 668 1320 alia
689 1253 800 1340 multa,
824 1277 931 1342 nqque
954 1277 1032 1320 vero
1054 1256 1153 1321 -id
1177 1257 1264 1319 enim
1284 1254 1403 1318 factum
1428 1275 1498 1319 esse
1521 1276 1587 1317 non
1622 1261 1732 1339 posset
1759 1269 1809 1302 -’
1827 1275 1870 1318 ex
1894 1250 2005 1316 Helle·

194 1359 277 1424 uicis
300 1381 385 1445 quae
407 1381 495 1424 nunc
517 1359 710 1438 haberemus
733 1360 995 1428 circumclusae
1017 1359 1214 1445 depravatis,
1238 1345 1305 1422 sed'
1318 1381 1357 1422 aa
1377 1379 1448 1422 asro
1471 1363 1501 1422 st‘
1520 1357 1640 1442 copioso
1656 1377 1754 1442 opere
1768 1354 2005 1440 Xenophontis.

349 1464 446 1545 Quod
468 1473 647 1530 statuentes
669 1465 810 1550 primum
835 1485 900 1526 non
930 1465 1008 1526 satis
1036 1465 1220 1549 respexisse
1248 1461 1411 1525 videntun·
1431 1458 1534 1522 multa
1569 1460 1665 1523 etiam
1707 1459 1839 1523 brevius
1877 1457 2005 1521 nemori

193 1565 283 1652 apud
304 1565 515 1632 Plutarchum
535 1587 631 1652 quam
653 1569 742 1652 apud
763 1563 1025 1648 Xenophontem,
1050 1573 1147 1628 et-
1176 1562 1263 1650 quod
1291 1563 1425 1648 majoris
1453 1565 1607 1627 momenti
1636 1566 1747 1626 est-
1778 1562 1881 1626 multa
1907 1558 2005 1646 plene

192 1669 288 1734 aliter
310 1669 417 1740 tradi:¹
435 1691 534 1755 saepo
548 1671 603 1734 ..ita
624 1670 749 1732 narrari
772 1661 826 1734 ¹res
847 1676 884 1732 ut
906 1665 996 1733 credi
1009 1666 1077 1750 ‚vix
1098 1668 1202 1752 possit
1223 1665 1302 1730 talia
1324 1688 1393 1730 esse
1416 1665 1538 1750 scripta
1559 1666 1601 1729 ab
1624 1687 1663 1730 eo
1682 1666 1737 1751 qui
1754 1664 2005 1751 Xenophontem

193 1757 392 1856 insperserit.¹
430 1773 521 1838 Sumi
544 1773 630 1836 enim
648 1793 715 1835 non
739 1779 853 1858 potest,
884 1771 980 1836 etiam
1013 1771 1228 1834 maximarum
1257 1770 1527 1855 minimorumque
1555 1791 1664 1834 rerum
1705 1771 1865 1851 rationes,
1906 1768 2004 1830 etiam

183 1875 312 1962 judicia
333 1875 402 1939 lata
422 1869 552 1962 aliaque
575 1897 660 1962 quae
682 1875 724 1938 ad
742 1875 911 1960 ingenium
931 1875 1114 1958 pertineant
1131 1871 1369 1959 Xenophontis,
1394 1872 1436 1936 ab
1454 1875 1666 1957 epitomatore
1685 1871 1785 1936 fuisse
1803 1881 1889 1936 tacta
1907 1880 2003 1956 atque

188 1979 403 2062 immutata.¹)

344 2079 474 2145 Deinde
498 2102 574 2145 vero
604 2080 645 2144 de
667 2081 797 2144 ratione
832 2079 1000 2145 scribendi
1031 2087 1064 2142 et
1093 2076 1135 2141 de
1161 2077 1305 2168 fontibus
1334 2077 1501 2142 Plutarchi
1536 2100 1600 2142 non
1634 2088 1723 2144 recte
1757 2078 1910 2164 judicant
1949 2076 2006 2162 qui

190 2191 336 2247 statuunt
356 2185 426 2269 ipso
450 2183 667 2270 Xenophonte
691 2203 765 2248 eum
788 2205 880 2246 usum
905 2203 985 2246 esse.
1031 2178 1135 2259 Quod·
1150 2200 1215 2244 non
1239 2191 1288 2244 est
1311 2181 1438 2245 firmum
1461 2181 1627 2264 axioma²)
1650 2181 1708 2245 sed
1724 2181 1821 2246 valde
1840 2180 2003 2244 infirmum

190 2295 223 2351 et
243 2283 450 2368 labefactum,
475 2295 508 2350 et
528 2286 673 2370 profecto
697 2307 834 2350 necesse
857 2295 906 2348 est
928 2283 1085 2369 probetur
1107 2319 1148 2330 -
1172 2283 1199 2345 si
1211 2281 1283 2347 fieri
1300 2293 1407 2368 potest
1420 2321 1463 2332 -·
1477 2305 1573 2369 quam
1589 2285 1777 2349 certissimis
1795 2284 2004 2368 argumentis.

345 2388 418 2452 Non
441 2387 484 2452 ad
506 2409 546 2453 ea
569 2388 702 2473 quidem
724 2387 793 2450 sola
815 2408 997 2472 provocare
1020 2409 1126 2473 neque
1149 2383 1222 2451 volo
1244 2409 1351 2473 neque
1375 2410 1506 2473 possum
1538 2411 1622 2474 quae
1654 2388 1691 2453 0.
1724 2385 1942 2470 Stedefeldt³)
1973 2394 2007 2448 et

191 2491 228 2556 0.
251 2489 403 2588 Fricke4)
426 2513 531 2576 nuper
554 2490 813 2576 disputaverunt.
859 2491 942 2554 Nam
966 2491 994 2554 si
1017 2492 1161 2556 dicerem
1184 2513 1226 2555 ex
1249 2492 1354 2555 tribus
1377 2491 1443 2556 illis
1468 2495 1544 2556 vitis
1567 2490 1772 2556 Plutarcheis
1800 2488 1882 2556 nihil
1910 2509 2005 2574 posse

191 2593 301 2680 colligi
324 2593 365 2658 de
388 2591 632 2658 Hellenicorum
656 2617 736 2658 vera
758 2594 871 2677 forma,
895 2617 968 2659 cum
992 2593 1250 2660 demonstratum
1273 2604 1367 2674 esset,
1387 2594 1599 2659 Plutarchum
1624 2618 1688 2660 non
1704 2595 1775 2681 ipso
1787 2591 2005 2677 Xenophonte

191 2720 283 2761 usum
309 2719 389 2775 esse,
414 2697 545 2760 omnino
567 2696 650 2760 nihil
673 2697 858 2783 probarem.
904 2698 1034 2777 Quibus
1054 2701 1141 2763 enim
1165 2699 1365 2783 argumentis
1396 2722 1438 2763 ex
1468 2699 1643 2765 Plutarcho
1675 2699 1786 2784 petitis
1816 2695 2004 2783 Cyprianus

192 2800 329 2866 Grosser
351 2802 515 2886 ceterique
539 2800 671 2865 adducti
696 2811 780 2879 sunt,
805 2809 840 2864 ut
862 2800 1057 2886 hypothesin
1080 2799 1169 2864 illam
1192 2801 1370 2881 firmarent,
1395 2801 1519 2867 eisdem
1543 2804 1622 2889 ipsis
1645 2803 1714 2866 lere
1737 2825 1779 2867 ex
1800 2797 2003 2884 argumentis

191 2902 375 2968 Stedefeldt
398 2915 431 2968 st
453 2904 574 2968 Fricke
597 2902 801 2990 collegerunt
819 2926 884 2968 non
901 2902 1155 2991 Xenophontem
1175 2905 1233 2969 sed
1246 2904 1415 2990 Ephorum
1433 2927 1453 2968 a
1472 2905 1646 2970 Plutarcho
1669 2907 1768 2970 luisse
1792 2903 2001 2988 exscriptum.
2073 2919 2077 2930 ⁴
2193 2979 2201 2990 ι

194 3007 308 3093 ltaque
333 3009 359 3071 si
384 3007 426 3072 de
449 3008 669 3094 Xenophonte
692 3009 757 3074 solo
779 3010 961 3094 quaesitum
985 3017 1078 3086 esset,
1102 3008 1244 3074 fueritne
1265 3009 1433 3075 Plutarchi
1457 3011 1529 3074 lons
1563 3031 1686 3091 necne,
1717 3007 1799 3071 nihil
1830 3027 1937 3091 neque
1970 3004 2004 3066 in

194 3111 279 3176 hanc
302 3133 409 3197 neque
432 3113 465 3175 in
489 3110 577 3176 illam
601 3120 726 3197 partem
750 3112 946 3198 probaretur
968 3122 1000 3175 et
1022 3097 1090 3175 tbta
1112 3113 1259 3196 quaestio
1283 3115 1412 3197 integra
1434 3123 1589 3176 maneret.

349 3214 415 3279 Sed
438 3215 534 3279 etiam
558 3214 598 3278 de
622 3209 695 3278 aliis
719 3215 946 3302 scriptoribus,
972 3215 1027 3300 qui
1050 3235 1108 3300 pro
1130 3215 1275 3279 fontibus
1296 3215 1502 3280 habebantur
1525 3214 1701 3297 Plutarchi,
1725 3211 1845 3278 similia
1867 3210 2005 3297 probata

195 3328 270 3384 sunt
293 3328 389 3406 atque
413 3317 454 3382 dc
477 3318 713 3404 Xenophonte:
738 3341 821 3404 quae
843 3317 1151 3384 Buechaensehuetz
1172 3340 1276 3404 nuper
1306 3318 1347 3383 de
1376 3319 1501 3384 ratione
1529 3341 1603 3386 cum
1635 3317 1795 3382 scriberet
1817 3337 1900 3402 quae
1930 3312 2004 3378 Plu·

195 3421 344 3485 tarchum
366 3422 453 3484 inter
475 3429 508 3484 et
529 3420 780 3506 Xenophontem
804 3419 1033 3502 intercederet,
1058 3421 1188 3485 omnino
1212 3444 1276 3485 non
1300 3425 1430 3488 novisse
1456 3423 1630 3512 videtur.⁵)

350 3521 408 3585 Eis
430 3523 518 3586 enim
537 3543 623 3609 ¹quae
647 3523 700 3586 Fr.
724 3523 864 3600 Ruehla)
889 3533 921 3587 et
944 3522 980 3587 O.
1004 3523 1124 3587 Fricke
1146 3525 1369 3608 probaverunt
1391 3527 1432 3591 de
1455 3527 1599 3590 lontibus
1623 3527 1763 3589 vitarum
1795 3517 2003 3586 Plutarchea·

195 3649 267 3690 rum
291 3625 437 3690 Cimonis
460 3635 493 3689 et
510 3626 634 3708 Niciae,
659 3637 755 3714 atque
780 3629 910 3691 omnino
934 3630 980 3692 eis
1004 3649 1086 3712 quae
1109 3631 1248 3714 probata
1271 3639 1345 3694 sunt
1368 3630 1409 3695 dc
1432 3630 1557 3694 ratione
1580 3651 1678 3715 quam
1700 3628 1875 3712 scriptores
1894 3621 2005 3710 quales

195 3728 361 3794 Diodorus
384 3727 577 3792 Plutarchus
600 3729 727 3814 Trogus
750 3730 861 3816 Nepos
884 3731 1103 3817 sequebantur
1125 3735 1158 3796 in
1182 3737 1312 3822 scriptis
1335 3733 1618 3819 componendis7),
1649 3731 1700 3811 id,
1734 3733 1761 3794 si
1791 3727 1870 3817 quid
1897 3727 2004 3809 video,

196 3831 294 3918 plane
315 3832 350 3895 in
373 3841 486 3918 aperto
509 3835 650 3917 positum
674 3843 731 3916 est,
756 3855 821 3899 non
845 3837 890 3898 ita
912 3837 1019 3919 egisse
1041 3834 1251 3902 Plutarchum
1275 3849 1311 3902 ut
1333 3859 1375 3901 ex
1397 3837 1560 3900 variorum
1584 3835 1777 3920 scriptorum
1796 3832 1896 3898 variis
1913 3830 2006 3894 libris

357 4005 379 4068 11
400 4003 450 4057 cfr.
468 4002 541 4056 Guil.
559 4003 655 4070 Meyer
672 4003 691 4059 l
709 4005 728 4056 1.
745 4007 761 4058 7
780 4022 821 4072 sq.

355 4091 379 4158 ²]
399 4089 445 4145 Gr.
464 4105 528 4145 nov.
547 4105 612 4142 ann.
632 4093 697 4155 105,
726 4093 790 4144 tao:
818 4089 863 4142 die
881 4089 1133 4159 Xenophonquelle
1152 4109 1188 4145 sn
1205 4091 1450 4146 unaweiielhasten
1468 4091 1568 4146 stellen
1586 4091 1619 4143 iat
1637 4093 1698 4144 eben
1714 4089 1871 4159 praedocta,
1896 4087 1943 4136 dar
1961 4085 2007 4136 der

198 4177 316 4228 hewehes
340 4177 409 4228 nicht
427 4175 538 4242 bedcrs;
564 4191 665 4228 unsere
684 4174 839 4243 hypothese
858 4176 896 4229 ist
914 4174 960 4228 die
980 4175 1176 4246 behauptung,
1195 4178 1299 4234 welche
1326 4177 1415 4232 durch
1433 4179 1481 4232 ihn
1499 4179 1527 4231 in
1546 4177 1730 4244 Verbindung
1754 4175 1808 4228 mit
1824 4172 1947 4226 anderen
1965 4169 2006 4222 in-

91 4291 97 4298 ·
198 4261 291 4316 dicien
308 4261 449 4316 bewiesen
467 4249 580 4314 werden
599 4261 659 4316 soll.
678 4291 711 4300 -
731 4261 779 4315 cfr.
797 4277 891 4330 progr.
911 4267 950 4314 14.

356 4348 381 4412 ³)
400 4347 435 4399 de
453 4345 594 4413 Lysandri
612 4345 773 4400 Plutarohci
791 4346 930 4414 lontibus,
949 4346 1063 4400 Bounae
1084 4353 1158 4402 1867.

359 4435 383 4498 ⁴)
404 4431 515 4502 „Ueber
533 4433 578 4485 die
597 4432 710 4502 quellen
729 4432 778 4485 des
798 4431 931 4487 Plutarch
949 4433 987 4486 im
1006 4433 1102 4488 Lehen
1121 4433 1169 4488 des
1188 4433 1286 4489 Nikias
1304 4435 1362 4490 und
1378 4434 1574 4498 Alkibiadee,
1593 4433 1709 4500 Leipzig
1728 4435 1803 4484 laea.

358 4519 383 4581 ὅ)
401 4535 465 4578 nou.
485 4535 552 4572 ann.
578 4517 646 4586 phil
668 4519 733 4584 103,
762 4523 813 4570 219
832 4535 889 4586 sqq.
909 4548 940 4558 —
959 4519 1097 4573 Assentiti
1115 4525 1182 4574 sunt
1199 4521 1307 4575 Ilsenel
1325 4521 1343 4576 t
1360 4522 1378 4579 l.
1398 4529 1446 4590 353
1465 4518 1610 4576 Bcckhaus
1628 4517 1658 4572 Z.
1677 4518 1708 4574 G.
1727 4517 1772 4574 W.
1790 4517 1809 4573 1.
1826 4516 1930 4578 1;018;
1955 4512 2007 4568 od.

201 4603 377 4658 Schambach
402 4604 420 4658 1
444 4605 462 4658 1.
491 4607 514 4660 1.
558 4603 713 4658 Oblocutus
739 4607 782 4656 est
808 4603 941 4674 Grosser,
965 4621 1028 4660 nov.
1053 4623 1117 4665 ann.
1145 4609 1207 4674 105,
1236 4611 1284 4660 723
1310 4625 1385 4676 sqq,
1410 4613 1440 4662 et
1463 4624 1556 4676 progr.
1583 4611 1623 4662 14.
1642 4635 1674 4648 -
1697 4604 1793 4660 Ludw,
1820 4597 2009 4655 Breitenbsch

201 4689 414 4758 („Xenophon’s
431 4688 597 4756 Hellenica,
615 4688 724 4742 Diodor
740 4687 797 4741 und
815 4688 985 4758 Plutarch“,
1003 4709 1066 4746 nov.
1085 4691 1128 4746 rh.
1145 4710 1216 4749 mus.
1235 4692 1341 4747 XXVII
1359 4695 1419 4760 497)
1447 4710 1510 4746 cum
1535 4709 1589 4746 non
1615 4693 1738 4746 novisset
1761 4690 1839 4743 illam
1864 4683 2007 4740 Bfichsen·

200 4777 337 4830 schnetzii
355 4777 621 4830 commentationem
638 4777 759 4844 probare
778 4774 873 4830 studet
890 4775 1077 4845 Xenophonte
1095 4779 1275 4833 Plutarchum
1292 4795 1350 4832 non
1367 4797 1451 4832 usum
1468 4795 1543 4846 esse,
1570 4775 1644 4846 quod
1661 4793 1718 4830 nou
1735 4775 1871 4845 probasse
1896 4768 2011 4825 videtur

201 4863 346 4928 Grossero,
364 4879 458 4932 progr.
477 4865 517 4918 14.
536 4891 569 4902 —
588 4863 637 4918 cfr.
658 4863 777 4922 eundem
794 4863 880 4916 Breit.
899 4862 929 4919 Z.
949 4863 981 4920 G.
999 4863 1043 4918 W.
1063 4870 1139 4934 tert,
1156 4868 1209 4919 728
1226 4883 1266 4936 sq.
1285 4870 1315 4918 et
1333 4866 1398 4918 edit.
1416 4863 1521 4918 110111
1538 4869 1567 4918 et
1583 4863 1618 4931 11,
1639 4863 1706 4916 1873
1724 4877 1770 4930 pg.
1788 4857 1867 4914 LXX
1885 4873 1943 4924 sqq.

259 5007 264 5016 ¹
358 4949 382 5016 ⁶)
401 4948 463 5016 „dic
481 4949 594 5018 quellen
611 4947 766 5002 Plutarch's
784 4949 823 5002 im
845 4949 927 5002 leben
947 4949 996 5003 des
1013 4949 1144 5019 Kimon“,
1161 4949 1296 5019 Morburg
1315 4954 1389 5004 1861.
1413 4959 1415 4962 ·

359 5037 384 5103 ⁷)
403 5035 452 5088 cfr.
471 5034 561 5088 Ruehl
580 5035 598 5090 l.
616 5033 633 5090 l.
653 5051 700 5103 pg.
721 5038 734 5086 1
753 5052 810 5103 sq.;
830 5065 862 5076 -
882 5035 1117 5104 Guil.Collmann,
1136 5035 1172 5090 de
1189 5029 1308 5090 Diodori
1325 5034 1410 5089 Siculi
1428 5034 1562 5098 lontibus,
1579 5033 1725 5100 Marburgi
1745 5031 1813 5084 1869
1830 5046 1875 5098 pg.
1892 5031 1905 5082 1
1921 5043 1961 5093 sq.
1976 5055 2011 5066 -

203 5123 237 5177 G.
256 5122 368 5177 Gilbert
384 5121 447 5190 „die
466 5121 579 5189 quellen
597 5119 646 5174 des
665 5118 893 5188 plutarchischen
912 5120 1055 5176 Theseus“
1074 5123 1175 5178 Philol.
1196 5120 1323 5176 XXXIII
1339 5125 1373 5173 te
1392 5137 1466 5190 sqq:
1492 5119 1641 5189 „doppelte
1667 5115 1940 5185 quellenbenutznng
1963 5112 2011 5176 ist,

202 5225 284 5263 wenn
302 5208 380 5262 nicht
397 5207 561 5274 zwingende
579 5206 687 5274 munde
705 5204 787 5258 deliir
805 5206 957 5274 vorliegen,
975 5207 1054 5260 nicht
1073 5226 1106 5260 zu
1123 5209 1332 5276 praesumiren“
1352 5211 1409 5276 (pg.
1428 5211 1481 5271 49).
1501 5237 1532 5246 -
1549 5201 1751 5264 anhlbrccht,
1765 5202 1800 5254 ds
1813 5198 2011 5254 Themistoclis

202 5293 360 5348 Plutarohci
379 5292 513 5359 sontibus,
531 5291 683 5361 Gottingae
704 5293 779 5359 1873,
797 5308 845 5361 pg.
863 5296 878 5344 6
897 5309 937 5358 sq.
