<?xml version="1.0" encoding="UTF-8"?>
<!DOCTYPE html PUBLIC "-//W3C//DTD XHTML 1.0 Transitional//EN"
    "http://www.w3.org/TR/xhtml1/DTD/xhtml1-transitional.dtd">
<html xmlns="http://www.w3.org/1999/xhtml" xml:lang="en" lang="en">
 <head>
  <title>
</title>
<meta http-equiv="Content-Type" content="text/html;charset=utf-8" />
  <meta name='ocr-system' content='tesseract 3.04.00' />
  <meta name='ocr-capabilities' content='ocr_page ocr_carea ocr_par ocr_line ocrx_word'/>
</head>
<body>
  <div class='ocr_page' id='page_1' title='image "./dexenophontishe00vollgoog/dexenophontishe00vollgoog_0009.png"; bbox 0 0 4820 6094; ppageno 0'>
   <div class='ocr_carea' id='block_1_1' title="bbox 410 491 2215 991">
    <p class='ocr_par' dir='ltr' id='par_1_1' title="bbox 410 491 2215 991">
     <span class='ocr_line' id='line_1_1' title="bbox 1238 491 1394 592; baseline -0.013 0"><span class='ocrx_word' id='word_1_1' title='bbox 1238 491 1394 592; x_wconf 57' lang='lat' dir='ltr'><strong>..L</strong></span> 
     </span>
     <span class='ocr_line' id='line_1_2' title="bbox 412 695 2215 787; baseline 0.001 -24"><span class='ocrx_word' id='word_1_2' title='bbox 412 699 613 778; x_wconf 78' lang='lat' dir='ltr'><strong>examinem,</strong></span> <span class='ocrx_word' id='word_1_3' title='bbox 648 718 732 784; x_wconf 87' lang='lat' dir='ltr'><strong>qnae</strong></span> <span class='ocrx_word' id='word_1_4' title='bbox 761 696 929 784; x_wconf 89' lang='lat' dir='ltr'><strong>generalia</strong></span> <span class='ocrx_word' id='word_1_5' title='bbox 957 707 1121 782; x_wconf 78' lang='lat' dir='ltr'><strong>tamquam</strong></span> <span class='ocrx_word' id='word_1_6' title='bbox 1151 695 1204 760; x_wconf 83' lang='lat' dir='ltr'><strong>vel</strong></span> <span class='ocrx_word' id='word_1_7' title='bbox 1217 711 1294 784; x_wconf 82' lang='lat' dir='ltr'><strong>spru</strong></span> <span class='ocrx_word' id='word_1_8' title='bbox 1325 696 1387 764; x_wconf 90' lang='lat' dir='ltr'><strong>hae</strong></span> <span class='ocrx_word' id='word_1_9' title='bbox 1416 698 1578 762; x_wconf 85' lang='lat' dir='ltr'><strong>sententia</strong></span> <span class='ocrx_word' id='word_1_10' title='bbox 1606 699 1729 779; x_wconf 74' lang='lat' dir='ltr'><strong>iacere,</strong></span> <span class='ocrx_word' id='word_1_11' title='bbox 1754 696 1813 764; x_wconf 73' lang='lat' dir='ltr'><strong>nel</strong></span> <span class='ocrx_word' id='word_1_12' title='bbox 1845 708 1964 764; x_wconf 71' lang='lat' dir='ltr'><strong>,contra</strong></span> <span class='ocrx_word' id='word_1_13' title='bbox 1993 719 2062 764; x_wconf 91' lang='lat' dir='ltr'><strong>eam</strong></span> <span class='ocrx_word' id='word_1_14' title='bbox 2092 697 2215 787; x_wconf 90' lang='lat' dir='ltr'><strong>aliquid</strong></span> 
     </span>
     <span class='ocr_line' id='line_1_3' title="bbox 411 797 2215 890; baseline 0.001 -24"><span class='ocrx_word' id='word_1_15' title='bbox 411 800 521 866; x_wconf 85' lang='lat' dir='ltr'><strong>valere</strong></span> <span class='ocrx_word' id='word_1_16' title='bbox 551 799 741 883; x_wconf 87' lang='lat' dir='ltr'><strong>videantur,</strong></span> <span class='ocrx_word' id='word_1_17' title='bbox 778 810 875 887; x_wconf 89' lang='lat' dir='ltr'><strong>atque</strong></span> <span class='ocrx_word' id='word_1_18' title='bbox 904 809 941 864; x_wconf 92' lang='lat' dir='ltr'><strong>ut</strong></span> <span class='ocrx_word' id='word_1_19' title='bbox 968 797 1088 864; x_wconf 88' lang='lat' dir='ltr'><strong>deinde</strong></span> <span class='ocrx_word' id='word_1_20' title='bbox 1119 822 1161 864; x_wconf 89' lang='lat' dir='ltr'><strong>ex</strong></span> <span class='ocrx_word' id='word_1_21' title='bbox 1190 799 1326 885; x_wconf 89' lang='lat' dir='ltr'><strong>singulis</strong></span> <span class='ocrx_word' id='word_1_22' title='bbox 1355 823 1375 866; x_wconf 88' lang='lat' dir='ltr'><strong>a</strong></span> <span class='ocrx_word' id='word_1_23' title='bbox 1404 799 1567 888; x_wconf 82' lang='lat' dir='ltr'><strong>Cypriane</strong></span> <span class='ocrx_word' id='word_1_24' title='bbox 1597 809 1629 864; x_wconf 90' lang='lat' dir='ltr'><strong>et</strong></span> <span class='ocrx_word' id='word_1_25' title='bbox 1658 799 1815 866; x_wconf 78' lang='lat' dir='ltr'><strong>Grmsero</strong></span> <span class='ocrx_word' id='word_1_26' title='bbox 1844 802 1979 888; x_wconf 88' lang='lat' dir='ltr'><strong>prolatis</strong></span> <span class='ocrx_word' id='word_1_27' title='bbox 2017 805 2215 890; x_wconf 83' lang='lat' dir='ltr'><strong>argumentis</strong></span> 
     </span>
     <span class='ocr_line' id='line_1_4' title="bbox 410 901 1704 991; baseline 0 -21"><span class='ocrx_word' id='word_1_28' title='bbox 410 901 567 970; x_wconf 87' lang='lat' dir='ltr'><strong>nonnulla</strong></span> <span class='ocrx_word' id='word_1_29' title='bbox 588 905 806 991; x_wconf 88' lang='lat' dir='ltr'><strong>perpensitem</strong></span> <span class='ocrx_word' id='word_1_30' title='bbox 831 913 863 968; x_wconf 90' lang='lat' dir='ltr'><strong>et</strong></span> <span class='ocrx_word' id='word_1_31' title='bbox 886 905 997 991; x_wconf 87' lang='lat' dir='ltr'><strong>quanti</strong></span> <span class='ocrx_word' id='word_1_32' title='bbox 1022 903 1177 968; x_wconf 75' lang='lat' dir='ltr'><strong>momenti</strong></span> <span class='ocrx_word' id='word_1_33' title='bbox 1199 903 1264 967; x_wconf 90' lang='lat' dir='ltr'><strong>sint</strong></span> <span class='ocrx_word' id='word_1_34' title='bbox 1286 903 1457 969; x_wconf 72' lang='lat' dir='ltr'><strong>ostendere</strong></span> <span class='ocrx_word' id='word_1_35' title='bbox 1479 902 1637 970; x_wconf 83' lang='lat' dir='ltr'><strong>studeam.</strong></span> <span class='ocrx_word' id='word_1_36' title='bbox 1660 941 1704 954; x_wconf 91' lang='lat'><em>-</em></span> 
     </span>
    </p>
   </div>
   <div class='ocr_carea' id='block_1_2' title="bbox 326 1099 2216 3168">
    <p class='ocr_par' dir='ltr' id='par_1_2' title="bbox 408 1099 2215 2646">
     <span class='ocr_line' id='line_1_5' title="bbox 565 1099 2215 1199; baseline 0.001 -25"><span class='ocrx_word' id='word_1_37' title='bbox 565 1109 710 1175; x_wconf 89' lang='lat' dir='ltr'><strong>Primum</strong></span> <span class='ocrx_word' id='word_1_38' title='bbox 742 1109 842 1195; x_wconf 88' lang='lat' dir='ltr'><strong>igitur</strong></span> <span class='ocrx_word' id='word_1_39' title='bbox 871 1109 1091 1196; x_wconf 83' lang='lat' dir='ltr'><strong>quaerentium</strong></span> <span class='ocrx_word' id='word_1_40' title='bbox 1121 1109 1264 1187; x_wconf 86' lang='lat' dir='ltr'><strong>videtur,</strong></span> <span class='ocrx_word' id='word_1_41' title='bbox 1294 1131 1373 1174; x_wconf 89' lang='lat' dir='ltr'><strong>num</strong></span> <span class='ocrx_word' id='word_1_42' title='bbox 1402 1110 1534 1186; x_wconf 82' lang='lat' dir='ltr'><strong>omnino</strong></span> <span class='ocrx_word' id='word_1_43' title='bbox 1562 1110 1704 1196; x_wconf 86' lang='lat' dir='ltr'><strong>antiquis</strong></span> <span class='ocrx_word' id='word_1_44' title='bbox 1732 1110 1932 1198; x_wconf 79' lang='lat' dir='ltr'><strong>temporibus</strong></span> <span class='ocrx_word' id='word_1_45' title='bbox 1962 1099 2122 1199; x_wconf 83' lang='lat' dir='ltr'><strong>epitomae</strong></span> <span class='ocrx_word' id='word_1_46' title='bbox 2150 1112 2215 1178; x_wconf 87' lang='lat' dir='ltr'><strong>sint</strong></span> 
     </span>
     <span class='ocr_line' id='line_1_6' title="bbox 409 1211 2212 1301; baseline -0.001 -20"><span class='ocrx_word' id='word_1_47' title='bbox 409 1215 588 1295; x_wconf 90' lang='lat' dir='ltr'><strong>confectae,</strong></span> <span class='ocrx_word' id='word_1_48' title='bbox 611 1213 722 1301; x_wconf 87' lang='lat' dir='ltr'><strong>quales</strong></span> <span class='ocrx_word' id='word_1_49' title='bbox 744 1235 803 1278; x_wconf 91' lang='lat' dir='ltr'><strong>eae</strong></span> <span class='ocrx_word' id='word_1_50' title='bbox 826 1214 904 1296; x_wconf 87' lang='lat' dir='ltr'><strong>sint,</strong></span> <span class='ocrx_word' id='word_1_51' title='bbox 924 1222 957 1277; x_wconf 90' lang='lat' dir='ltr'><strong>et</strong></span> <span class='ocrx_word' id='word_1_52' title='bbox 980 1235 1057 1278; x_wconf 91' lang='lat' dir='ltr'><strong>num</strong></span> <span class='ocrx_word' id='word_1_53' title='bbox 1081 1211 1307 1298; x_wconf 69' lang='lat' dir='ltr'><strong>Xenophontis</strong></span> <span class='ocrx_word' id='word_1_54' title='bbox 1330 1211 1466 1278; x_wconf 88' lang='lat' dir='ltr'><strong>historia</strong></span> <span class='ocrx_word' id='word_1_55' title='bbox 1488 1213 1726 1298; x_wconf 83' lang='lat' dir='ltr'><strong>graecannbis</strong></span> <span class='ocrx_word' id='word_1_56' title='bbox 1747 1213 1871 1278; x_wconf 86' lang='lat' dir='ltr'><strong>tradita</strong></span> <span class='ocrx_word' id='word_1_57' title='bbox 1892 1215 1940 1280; x_wconf 86' lang='lat' dir='ltr'><strong>eis</strong></span> <span class='ocrx_word' id='word_1_58' title='bbox 1960 1217 2003 1280; x_wconf 89' lang='lat' dir='ltr'><strong>ait</strong></span> <span class='ocrx_word' id='word_1_59' title='bbox 2024 1215 2149 1282; x_wconf 89' lang='lat' dir='ltr'><strong>similis.</strong></span> <span class='ocrx_word' id='word_1_60' title='bbox 2175 1253 2212 1268; x_wconf 88' lang='lat'><em>-</em></span> 
     </span>
     <span class='ocr_line' id='line_1_7' title="bbox 418 1315 2214 1404; baseline 0.001 -22"><span class='ocrx_word' id='word_1_61' title='bbox 418 1333 424 1388; x_wconf 80' lang='lat' dir='ltr'><strong>t</strong></span> <span class='ocrx_word' id='word_1_62' title='bbox 565 1317 750 1404; x_wconf 78' lang='lat' dir='ltr'><strong>Cyprianus</strong></span> <span class='ocrx_word' id='word_1_63' title='bbox 778 1315 831 1380; x_wconf 82' lang='lat' dir='ltr'><strong>Fr.</strong></span> <span class='ocrx_word' id='word_1_64' title='bbox 862 1315 1038 1382; x_wconf 83' lang='lat' dir='ltr'><strong>Oreutzero</strong></span> <span class='ocrx_word' id='word_1_65' title='bbox 1069 1327 1201 1382; x_wconf 88' lang='lat' dir='ltr'><strong>auctore</strong></span> <span class='ocrx_word' id='word_1_66' title='bbox 1231 1317 1446 1402; x_wconf 89' lang='lat' dir='ltr'><strong>epitomarurn</strong></span> <span class='ocrx_word' id='word_1_67' title='bbox 1482 1315 1639 1382; x_wconf 87' lang='lat' dir='ltr'><strong>nonnulla</strong></span> <span class='ocrx_word' id='word_1_68' title='bbox 1667 1315 1819 1404; x_wconf 87' lang='lat' dir='ltr'><strong>exempla</strong></span> <span class='ocrx_word' id='word_1_69' title='bbox 1846 1317 2035 1398; x_wconf 77' lang='lat' dir='ltr'><strong>laudavitl).</strong></span> <span class='ocrx_word' id='word_1_70' title='bbox 2086 1318 2214 1384; x_wconf 83' lang='lat' dir='ltr'><strong>Profert</strong></span> 
     </span>
     <span class='ocr_line' id='line_1_8' title="bbox 410 1419 2213 1511; baseline 0.001 -24"><span class='ocrx_word' id='word_1_71' title='bbox 410 1423 512 1508; x_wconf 88' lang='lat' dir='ltr'><strong>igitur</strong></span> <span class='ocrx_word' id='word_1_72' title='bbox 533 1420 761 1486; x_wconf 89' lang='lat' dir='ltr'><strong>Philochorum</strong></span> <span class='ocrx_word' id='word_1_73' title='bbox 793 1431 983 1508; x_wconf 86' lang='lat' dir='ltr'><strong>excerptum</strong></span> <span class='ocrx_word' id='word_1_74' title='bbox 1014 1443 1034 1484; x_wconf 89' lang='lat' dir='ltr'><strong>a</strong></span> <span class='ocrx_word' id='word_1_75' title='bbox 1062 1420 1290 1508; x_wconf 78' lang='lat' dir='ltr'><strong>Theopompo,</strong></span> <span class='ocrx_word' id='word_1_76' title='bbox 1321 1419 1444 1506; x_wconf 79' lang='lat' dir='ltr'><strong>Ephori</strong></span> <span class='ocrx_word' id='word_1_77' title='bbox 1473 1421 1595 1508; x_wconf 82' lang='lat' dir='ltr'><strong>scripta</strong></span> <span class='ocrx_word' id='word_1_78' title='bbox 1616 1422 1649 1486; x_wconf 91' lang='lat' dir='ltr'><strong>ia</strong></span> <span class='ocrx_word' id='word_1_79' title='bbox 1673 1422 1839 1508; x_wconf 87' lang='lat' dir='ltr'><strong>epitomen</strong></span> <span class='ocrx_word' id='word_1_80' title='bbox 1861 1431 1990 1502; x_wconf 79' lang='lat' dir='ltr'><strong>ennete,</strong></span> <span class='ocrx_word' id='word_1_81' title='bbox 2020 1445 2040 1486; x_wconf 91' lang='lat' dir='ltr'><strong>a</strong></span> <span class='ocrx_word' id='word_1_82' title='bbox 2062 1421 2213 1511; x_wconf 90' lang='lat' dir='ltr'><strong>Philippo</strong></span> 
     </span>
     <span class='ocr_line' id='line_1_9' title="bbox 409 1523 2214 1613; baseline 0 -23"><span class='ocrx_word' id='word_1_83' title='bbox 409 1525 630 1613; x_wconf 81' lang='lat' dir='ltr'><strong>Theopompi,</strong></span> <span class='ocrx_word' id='word_1_84' title='bbox 660 1547 680 1588; x_wconf 92' lang='lat' dir='ltr'><strong>a</strong></span> <span class='ocrx_word' id='word_1_85' title='bbox 711 1524 814 1589; x_wconf 89' lang='lat' dir='ltr'><strong>Brute</strong></span> <span class='ocrx_word' id='word_1_86' title='bbox 837 1524 980 1612; x_wconf 90' lang='lat' dir='ltr'><strong>Philippi</strong></span> <span class='ocrx_word' id='word_1_87' title='bbox 1011 1525 1175 1592; x_wconf 87' lang='lat' dir='ltr'><strong>confectas</strong></span> <span class='ocrx_word' id='word_1_88' title='bbox 1204 1526 1371 1611; x_wconf 90' lang='lat' dir='ltr'><strong>epitomas.</strong></span> <span class='ocrx_word' id='word_1_89' title='bbox 1415 1523 1621 1612; x_wconf 83' lang='lat' dir='ltr'><strong>Quamquam</strong></span> <span class='ocrx_word' id='word_1_90' title='bbox 1649 1545 1732 1611; x_wconf 91' lang='lat' dir='ltr'><strong>quae</strong></span> <span class='ocrx_word' id='word_1_91' title='bbox 1762 1524 1804 1590; x_wconf 90' lang='lat' dir='ltr'><strong>de</strong></span> <span class='ocrx_word' id='word_1_92' title='bbox 1832 1524 1969 1610; x_wconf 89' lang='lat' dir='ltr'><strong>singulis</strong></span> <span class='ocrx_word' id='word_1_93' title='bbox 1990 1525 2041 1590; x_wconf 91' lang='lat' dir='ltr'><strong>his</strong></span> <span class='ocrx_word' id='word_1_94' title='bbox 2063 1527 2214 1613; x_wconf 79' lang='lat' dir='ltr'><strong>epitomis</strong></span> 
     </span>
     <span class='ocr_line' id='line_1_10' title="bbox 410 1625 2214 1716; baseline 0.001 -24"><span class='ocrx_word' id='word_1_95' title='bbox 410 1629 581 1694; x_wconf 88' lang='lat' dir='ltr'><strong>traduntur</strong></span> <span class='ocrx_word' id='word_1_96' title='bbox 605 1630 765 1692; x_wconf 89' lang='lat' dir='ltr'><strong>nonsatis</strong></span> <span class='ocrx_word' id='word_1_97' title='bbox 788 1639 878 1693; x_wconf 91' lang='lat' dir='ltr'><strong>eerta</strong></span> <span class='ocrx_word' id='word_1_98' title='bbox 901 1625 1008 1709; x_wconf 72' lang='lat' dir='ltr'><strong>sunt²t</strong></span> <span class='ocrx_word' id='word_1_99' title='bbox 1032 1628 1142 1715; x_wconf 87' lang='lat' dir='ltr'><strong>colligi</strong></span> <span class='ocrx_word' id='word_1_100' title='bbox 1164 1640 1273 1694; x_wconf 85' lang='lat' dir='ltr'><strong>tamen</strong></span> <span class='ocrx_word' id='word_1_101' title='bbox 1296 1651 1338 1694; x_wconf 85' lang='lat' dir='ltr'><strong>ex</strong></span> <span class='ocrx_word' id='word_1_102' title='bbox 1361 1631 1408 1694; x_wconf 86' lang='lat' dir='ltr'><strong>eis</strong></span> <span class='ocrx_word' id='word_1_103' title='bbox 1430 1635 1553 1715; x_wconf 89' lang='lat' dir='ltr'><strong>potest,</strong></span> <span class='ocrx_word' id='word_1_104' title='bbox 1575 1649 1692 1692; x_wconf 86' lang='lat' dir='ltr'><strong>revera</strong></span> <span class='ocrx_word' id='word_1_105' title='bbox 1713 1627 1833 1692; x_wconf 83' lang='lat' dir='ltr'><strong>factum</strong></span> <span class='ocrx_word' id='word_1_106' title='bbox 1857 1651 1926 1694; x_wconf 87' lang='lat' dir='ltr'><strong>esse</strong></span> <span class='ocrx_word' id='word_1_107' title='bbox 1951 1640 1986 1693; x_wconf 95' lang='lat' dir='ltr'><strong>ut</strong></span> <span class='ocrx_word' id='word_1_108' title='bbox 2007 1629 2214 1716; x_wconf 89' lang='lat' dir='ltr'><strong>antiquorum</strong></span> 
     </span>
     <span class='ocr_line' id='line_1_11' title="bbox 408 1731 2212 1820; baseline 0 -23"><span class='ocrx_word' id='word_1_109' title='bbox 408 1734 599 1820; x_wconf 89' lang='lat' dir='ltr'><strong>scriptorum</strong></span> <span class='ocrx_word' id='word_1_110' title='bbox 619 1732 733 1797; x_wconf 89' lang='lat' dir='ltr'><strong>libria</strong></span> <span class='ocrx_word' id='word_1_111' title='bbox 755 1732 990 1818; x_wconf 86' lang='lat' dir='ltr'><strong>posterioribus</strong></span> <span class='ocrx_word' id='word_1_112' title='bbox 1013 1731 1044 1796; x_wconf 91' lang='lat' dir='ltr'><strong>in</strong></span> <span class='ocrx_word' id='word_1_113' title='bbox 1068 1735 1226 1818; x_wconf 89' lang='lat' dir='ltr'><strong>epitomas</strong></span> <span class='ocrx_word' id='word_1_114' title='bbox 1249 1744 1451 1820; x_wconf 83' lang='lat' dir='ltr'><strong>cogerentur.</strong></span> <span class='ocrx_word' id='word_1_115' title='bbox 1496 1731 1589 1814; x_wconf 77' lang='lat' dir='ltr'><strong>Quae</strong></span> <span class='ocrx_word' id='word_1_116' title='bbox 1612 1742 1720 1798; x_wconf 73' lang='lat' dir='ltr'><strong>tamma</strong></span> <span class='ocrx_word' id='word_1_117' title='bbox 1742 1754 1795 1797; x_wconf 90' lang='lat' dir='ltr'><strong>res</strong></span> <span class='ocrx_word' id='word_1_118' title='bbox 1817 1731 1905 1797; x_wconf 87' lang='lat' dir='ltr'><strong>haud</strong></span> <span class='ocrx_word' id='word_1_119' title='bbox 1926 1735 2038 1819; x_wconf 85' lang='lat' dir='ltr'><strong>magni</strong></span> <span class='ocrx_word' id='word_1_120' title='bbox 2058 1735 2212 1798; x_wconf 87' lang='lat' dir='ltr'><strong>momenti</strong></span> 
     </span>
     <span class='ocr_line' id='line_1_12' title="bbox 409 1834 2214 1924; baseline 0.001 -24"><span class='ocrx_word' id='word_1_121' title='bbox 409 1835 637 1902; x_wconf 85' lang='lat' dir='ltr'><strong>videturesse</strong></span> <span class='ocrx_word' id='word_1_122' title='bbox 672 1836 706 1900; x_wconf 91' lang='lat' dir='ltr'><strong>in</strong></span> <span class='ocrx_word' id='word_1_123' title='bbox 735 1834 798 1900; x_wconf 90' lang='lat' dir='ltr'><strong>hae</strong></span> <span class='ocrx_word' id='word_1_124' title='bbox 826 1858 922 1922; x_wconf 90' lang='lat' dir='ltr'><strong>quam</strong></span> <span class='ocrx_word' id='word_1_125' title='bbox 946 1846 1122 1901; x_wconf 86' lang='lat' dir='ltr'><strong>tractamus</strong></span> <span class='ocrx_word' id='word_1_126' title='bbox 1145 1838 1336 1923; x_wconf 82' lang='lat' dir='ltr'><strong>quaestione</strong></span> <span class='ocrx_word' id='word_1_127' title='bbox 1365 1834 1550 1924; x_wconf 80' lang='lat' dir='ltr'><strong>probanda3</strong></span> <span class='ocrx_word' id='word_1_128' title='bbox 1579 1834 1656 1900; x_wconf 90' lang='lat' dir='ltr'><strong>inde</strong></span> <span class='ocrx_word' id='word_1_129' title='bbox 1684 1836 1771 1907; x_wconf 87' lang='lat' dir='ltr'><strong>enirn</strong></span> <span class='ocrx_word' id='word_1_130' title='bbox 1795 1857 1859 1900; x_wconf 90' lang='lat' dir='ltr'><strong>nen</strong></span> <span class='ocrx_word' id='word_1_131' title='bbox 1883 1839 2031 1924; x_wconf 90' lang='lat' dir='ltr'><strong>sequitur</strong></span> <span class='ocrx_word' id='word_1_132' title='bbox 2056 1839 2214 1923; x_wconf 89' lang='lat' dir='ltr'><strong>epitomas</strong></span> 
     </span>
     <span class='ocr_line' id='line_1_13' title="bbox 409 1933 2213 2027; baseline 0.001 -25"><span class='ocrx_word' id='word_1_133' title='bbox 409 1939 571 2004; x_wconf 86' lang='lat' dir='ltr'><strong>confectas</strong></span> <span class='ocrx_word' id='word_1_134' title='bbox 593 1933 693 2003; x_wconf 76' lang='lat' dir='ltr'><strong>fuiise</strong></span> <span class='ocrx_word' id='word_1_135' title='bbox 720 1961 764 2004; x_wconf 83' lang='lat' dir='ltr'><strong>ex</strong></span> <span class='ocrx_word' id='word_1_136' title='bbox 793 1937 943 2004; x_wconf 89' lang='lat' dir='ltr'><strong>omnibus</strong></span> <span class='ocrx_word' id='word_1_137' title='bbox 966 1937 1191 2004; x_wconf 88' lang='lat' dir='ltr'><strong>historicorum</strong></span> <span class='ocrx_word' id='word_1_138' title='bbox 1221 1941 1427 2026; x_wconf 88' lang='lat' dir='ltr'><strong>antiquorum</strong></span> <span class='ocrx_word' id='word_1_139' title='bbox 1449 1940 1619 2026; x_wconf 90' lang='lat' dir='ltr'><strong>operibus,</strong></span> <span class='ocrx_word' id='word_1_140' title='bbox 1651 1961 1755 2026; x_wconf 89' lang='lat' dir='ltr'><strong>neque</strong></span> <span class='ocrx_word' id='word_1_141' title='bbox 1778 1961 1822 2005; x_wconf 86' lang='lat' dir='ltr'><strong>ex</strong></span> <span class='ocrx_word' id='word_1_142' title='bbox 1844 1937 2007 2025; x_wconf 88' lang='lat' dir='ltr'><strong>plurimis,</strong></span> <span class='ocrx_word' id='word_1_143' title='bbox 2042 1961 2213 2027; x_wconf 75' lang='lat' dir='ltr'><strong>nequeas</strong></span> 
     </span>
     <span class='ocr_line' id='line_1_14' title="bbox 409 2027 2213 2130; baseline 0 -24"><span class='ocrx_word' id='word_1_144' title='bbox 409 2039 669 2128; x_wconf 89' lang='lat' dir='ltr'><strong>Xenophonteis,</strong></span> <span class='ocrx_word' id='word_1_145' title='bbox 700 2027 846 2127; x_wconf 80' lang='lat' dir='ltr'><strong>sequitur</strong></span> <span class='ocrx_word' id='word_1_146' title='bbox 867 2051 991 2106; x_wconf 90' lang='lat' dir='ltr'><strong>tantum</strong></span> <span class='ocrx_word' id='word_1_147' title='bbox 1015 2040 1092 2124; x_wconf 90' lang='lat' dir='ltr'><strong>hoe,</strong></span> <span class='ocrx_word' id='word_1_148' title='bbox 1108 2042 1186 2127; x_wconf 80' lang='lat' dir='ltr'><strong>fieri</strong></span> <span class='ocrx_word' id='word_1_149' title='bbox 1205 2044 1342 2130; x_wconf 61' lang='lat' dir='ltr'><strong>matese</strong></span> <span class='ocrx_word' id='word_1_150' title='bbox 1365 2056 1402 2110; x_wconf 90' lang='lat' dir='ltr'><strong>ut</strong></span> <span class='ocrx_word' id='word_1_151' title='bbox 1423 2047 1521 2109; x_wconf 90' lang='lat' dir='ltr'><strong>etiam</strong></span> <span class='ocrx_word' id='word_1_152' title='bbox 1545 2042 1770 2128; x_wconf 89' lang='lat' dir='ltr'><strong>Xenophontis</strong></span> <span class='ocrx_word' id='word_1_153' title='bbox 1792 2041 1929 2108; x_wconf 86' lang='lat' dir='ltr'><strong>historia</strong></span> <span class='ocrx_word' id='word_1_154' title='bbox 1949 2065 2069 2128; x_wconf 86' lang='lat' dir='ltr'><strong>graeca</strong></span> <span class='ocrx_word' id='word_1_155' title='bbox 2090 2045 2123 2108; x_wconf 92' lang='lat' dir='ltr'><strong>in</strong></span> <span class='ocrx_word' id='word_1_156' title='bbox 2147 2044 2213 2130; x_wconf 85' lang='lat' dir='ltr'><strong>opi·</strong></span> 
     </span>
     <span class='ocr_line' id='line_1_15' title="bbox 408 2143 2213 2233; baseline 0.001 -25"><span class='ocrx_word' id='word_1_157' title='bbox 408 2153 516 2209; x_wconf 91' lang='lat' dir='ltr'><strong>tomen</strong></span> <span class='ocrx_word' id='word_1_158' title='bbox 540 2155 722 2229; x_wconf 82' lang='lat' dir='ltr'><strong>cogeretur.</strong></span> <span class='ocrx_word' id='word_1_159' title='bbox 745 2183 788 2194; x_wconf 90' lang='lat'><strong>-</strong></span> <span class='ocrx_word' id='word_1_160' title='bbox 819 2143 893 2210; x_wconf 89' lang='lat' dir='ltr'><strong>Jam</strong></span> <span class='ocrx_word' id='word_1_161' title='bbox 925 2168 1003 2210; x_wconf 89' lang='lat' dir='ltr'><strong>vero</strong></span> <span class='ocrx_word' id='word_1_162' title='bbox 1033 2145 1098 2210; x_wconf 90' lang='lat' dir='ltr'><strong>alia</strong></span> <span class='ocrx_word' id='word_1_163' title='bbox 1119 2147 1267 2233; x_wconf 84' lang='lat' dir='ltr'><strong>quaestio</strong></span> <span class='ocrx_word' id='word_1_164' title='bbox 1290 2149 1410 2230; x_wconf 91' lang='lat' dir='ltr'><strong>oritur,</strong></span> <span class='ocrx_word' id='word_1_165' title='bbox 1442 2169 1519 2212; x_wconf 89' lang='lat' dir='ltr'><strong>num</strong></span> <span class='ocrx_word' id='word_1_166' title='bbox 1541 2145 1721 2214; x_wconf 85' lang='lat' dir='ltr'><strong>verisimile</strong></span> <span class='ocrx_word' id='word_1_167' title='bbox 1743 2146 1800 2224; x_wconf 91' lang='lat' dir='ltr'><strong>sit,</strong></span> <span class='ocrx_word' id='word_1_168' title='bbox 1830 2146 1994 2231; x_wconf 87' lang='lat' dir='ltr'><strong>epitomen</strong></span> <span class='ocrx_word' id='word_1_169' title='bbox 2017 2145 2116 2212; x_wconf 71' lang='lat' dir='ltr'><strong>finisse</strong></span> <span class='ocrx_word' id='word_1_170' title='bbox 2139 2168 2213 2210; x_wconf 91' lang='lat' dir='ltr'><strong>oon·</strong></span> 
     </span>
     <span class='ocr_line' id='line_1_16' title="bbox 409 2246 2213 2336; baseline 0.001 -24"><span class='ocrx_word' id='word_1_171' title='bbox 409 2248 525 2312; x_wconf 72' lang='lat' dir='ltr'><strong>feemm</strong></span> <span class='ocrx_word' id='word_1_172' title='bbox 556 2246 652 2333; x_wconf 90' lang='lat' dir='ltr'><strong>hujus</strong></span> <span class='ocrx_word' id='word_1_173' title='bbox 682 2246 758 2312; x_wconf 90' lang='lat' dir='ltr'><strong>libri</strong></span> <span class='ocrx_word' id='word_1_174' title='bbox 788 2246 1035 2334; x_wconf 88' lang='lat' dir='ltr'><strong>Xenophontei,</strong></span> <span class='ocrx_word' id='word_1_175' title='bbox 1066 2251 1120 2335; x_wconf 89' lang='lat' dir='ltr'><strong>qui</strong></span> <span class='ocrx_word' id='word_1_176' title='bbox 1151 2271 1224 2318; x_wconf 89' lang='lat' dir='ltr'><strong>raro</strong></span> <span class='ocrx_word' id='word_1_177' title='bbox 1257 2249 1359 2316; x_wconf 89' lang='lat' dir='ltr'><strong>lectus</strong></span> <span class='ocrx_word' id='word_1_178' title='bbox 1391 2258 1489 2336; x_wconf 91' lang='lat' dir='ltr'><strong>atque</strong></span> <span class='ocrx_word' id='word_1_179' title='bbox 1524 2247 1755 2335; x_wconf 88' lang='lat' dir='ltr'><strong>posterioribus</strong></span> <span class='ocrx_word' id='word_1_180' title='bbox 1782 2249 1856 2314; x_wconf 83' lang='lat' dir='ltr'><strong>fere</strong></span> <span class='ocrx_word' id='word_1_181' title='bbox 1885 2269 1950 2312; x_wconf 93' lang='lat' dir='ltr'><strong>non</strong></span> <span class='ocrx_word' id='word_1_182' title='bbox 1987 2259 2083 2314; x_wconf 89' lang='lat' dir='ltr'><strong>notus</strong></span> <span class='ocrx_word' id='word_1_183' title='bbox 2114 2251 2213 2322; x_wconf 83' lang='lat' dir='ltr'><strong>fnisse</strong></span> 
     </span>
     <span class='ocr_line' id='line_1_17' title="bbox 408 2349 2213 2440; baseline 0.001 -25"><span class='ocrx_word' id='word_1_184' title='bbox 408 2350 546 2429; x_wconf 86' lang='lat' dir='ltr'><strong>videtur,</strong></span> <span class='ocrx_word' id='word_1_185' title='bbox 562 2371 644 2415; x_wconf 81' lang='lat' dir='ltr'><strong>eum</strong></span> <span class='ocrx_word' id='word_1_186' title='bbox 666 2351 831 2416; x_wconf 81' lang='lat' dir='ltr'><strong>rarissime</strong></span> <span class='ocrx_word' id='word_1_187' title='bbox 849 2349 1017 2416; x_wconf 89' lang='lat' dir='ltr'><strong>laudatum</strong></span> <span class='ocrx_word' id='word_1_188' title='bbox 1040 2352 1082 2416; x_wconf 90' lang='lat' dir='ltr'><strong>sit</strong></span> <span class='ocrx_word' id='word_1_189' title='bbox 1102 2375 1123 2416; x_wconf 88' lang='lat' dir='ltr'><strong>a</strong></span> <span class='ocrx_word' id='word_1_190' title='bbox 1144 2353 1366 2439; x_wconf 86' lang='lat' dir='ltr'><strong>scriptoribus,</strong></span> <span class='ocrx_word' id='word_1_191' title='bbox 1391 2374 1465 2418; x_wconf 91' lang='lat' dir='ltr'><strong>eum</strong></span> <span class='ocrx_word' id='word_1_192' title='bbox 1482 2373 1648 2439; x_wconf 87' lang='lat' dir='ltr'><strong>perpauca</strong></span> <span class='ocrx_word' id='word_1_193' title='bbox 1670 2360 1795 2416; x_wconf 90' lang='lat' dir='ltr'><strong>tantum</strong></span> <span class='ocrx_word' id='word_1_194' title='bbox 1818 2374 1861 2416; x_wconf 85' lang='lat' dir='ltr'><strong>ex</strong></span> <span class='ocrx_word' id='word_1_195' title='bbox 1879 2373 1918 2418; x_wconf 91' lang='lat' dir='ltr'><strong>eo</strong></span> <span class='ocrx_word' id='word_1_196' title='bbox 1937 2374 1957 2417; x_wconf 89' lang='lat' dir='ltr'><strong>a</strong></span> <span class='ocrx_word' id='word_1_197' title='bbox 1974 2351 2213 2440; x_wconf 88' lang='lat' dir='ltr'><strong>lexicographis</strong></span> 
     </span>
     <span class='ocr_line' id='line_1_18' title="bbox 410 2431 2212 2542; baseline 0.002 -24"><span class='ocrx_word' id='word_1_198' title='bbox 410 2464 443 2518; x_wconf 92' lang='lat' dir='ltr'><strong>et</strong></span> <span class='ocrx_word' id='word_1_199' title='bbox 464 2455 686 2539; x_wconf 87' lang='lat' dir='ltr'><strong>grammaticis</strong></span> <span class='ocrx_word' id='word_1_200' title='bbox 704 2452 802 2520; x_wconf 88' lang='lat' dir='ltr'><strong>allata</strong></span> <span class='ocrx_word' id='word_1_201' title='bbox 824 2456 1041 2520; x_wconf 87' lang='lat' dir='ltr'><strong>inveniantur.</strong></span> <span class='ocrx_word' id='word_1_202' title='bbox 1086 2455 1183 2535; x_wconf 83' lang='lat' dir='ltr'><strong>Quod</strong></span> <span class='ocrx_word' id='word_1_203' title='bbox 1205 2456 1365 2542; x_wconf 91' lang='lat' dir='ltr'><strong>quomodo</strong></span> <span class='ocrx_word' id='word_1_204' title='bbox 1383 2457 1502 2522; x_wconf 81' lang='lat' dir='ltr'><strong>laetum</strong></span> <span class='ocrx_word' id='word_1_205' title='bbox 1527 2431 1621 2538; x_wconf 72' lang='lat' dir='ltr'><strong>esset,</strong></span> <span class='ocrx_word' id='word_1_206' title='bbox 1645 2457 1670 2520; x_wconf 92' lang='lat' dir='ltr'><strong>si</strong></span> <span class='ocrx_word' id='word_1_207' title='bbox 1694 2455 1747 2519; x_wconf 92' lang='lat' dir='ltr'><strong>hie</strong></span> <span class='ocrx_word' id='word_1_208' title='bbox 1770 2454 1854 2520; x_wconf 91' lang='lat' dir='ltr'><strong>liber</strong></span> <span class='ocrx_word' id='word_1_209' title='bbox 1876 2465 1941 2520; x_wconf 88' lang='lat' dir='ltr'><strong>tam</strong></span> <span class='ocrx_word' id='word_1_210' title='bbox 1965 2454 2068 2522; x_wconf 89' lang='lat' dir='ltr'><strong>clarus</strong></span> <span class='ocrx_word' id='word_1_211' title='bbox 2090 2456 2212 2536; x_wconf 83' lang='lat' dir='ltr'><strong>fuisset,</strong></span> 
     </span>
     <span class='ocr_line' id='line_1_19' title="bbox 409 2545 1960 2646; baseline 0.001 -26"><span class='ocrx_word' id='word_1_212' title='bbox 409 2568 445 2621; x_wconf 93' lang='lat' dir='ltr'><strong>ut</strong></span> <span class='ocrx_word' id='word_1_213' title='bbox 467 2559 608 2642; x_wconf 89' lang='lat' dir='ltr'><strong>cuipiam</strong></span> <span class='ocrx_word' id='word_1_214' title='bbox 631 2557 664 2620; x_wconf 90' lang='lat' dir='ltr'><strong>in</strong></span> <span class='ocrx_word' id='word_1_215' title='bbox 685 2545 830 2624; x_wconf 80' lang='lat' dir='ltr'><strong>&#39;merrtem</strong></span> <span class='ocrx_word' id='word_1_216' title='bbox 852 2559 996 2642; x_wconf 86' lang='lat' dir='ltr'><strong>veniret,</strong></span> <span class='ocrx_word' id='word_1_217' title='bbox 1020 2560 1054 2623; x_wconf 90' lang='lat' dir='ltr'><strong>in</strong></span> <span class='ocrx_word' id='word_1_218' title='bbox 1079 2561 1242 2646; x_wconf 90' lang='lat' dir='ltr'><strong>epitomen</strong></span> <span class='ocrx_word' id='word_1_219' title='bbox 1267 2581 1340 2624; x_wconf 90' lang='lat' dir='ltr'><strong>eum</strong></span> <span class='ocrx_word' id='word_1_220' title='bbox 1364 2581 1498 2646; x_wconf 89' lang='lat' dir='ltr'><strong>cogere,</strong></span> <span class='ocrx_word' id='word_1_221' title='bbox 1520 2559 1664 2646; x_wconf 89' lang='lat' dir='ltr'><strong>perspici</strong></span> <span class='ocrx_word' id='word_1_222' title='bbox 1686 2557 1782 2645; x_wconf 85' lang='lat' dir='ltr'><strong>plane</strong></span> <span class='ocrx_word' id='word_1_223' title='bbox 1803 2559 1960 2645; x_wconf 69' lang='lat' dir='ltr'><strong>nequitu.</strong></span> 
     </span>
    </p>

    <p class='ocr_par' dir='ltr' id='par_1_3' title="bbox 326 2660 2216 3168">
     <span class='ocr_line' id='line_1_20' title="bbox 563 2660 2212 2750; baseline 0.002 -26"><span class='ocrx_word' id='word_1_224' title='bbox 563 2660 692 2726; x_wconf 89' lang='lat' dir='ltr'><strong>Deinde</strong></span> <span class='ocrx_word' id='word_1_225' title='bbox 722 2685 793 2727; x_wconf 91' lang='lat' dir='ltr'><strong>eum</strong></span> <span class='ocrx_word' id='word_1_226' title='bbox 820 2661 944 2728; x_wconf 91' lang='lat' dir='ltr'><strong>nullum</strong></span> <span class='ocrx_word' id='word_1_227' title='bbox 964 2687 1074 2728; x_wconf 88' lang='lat' dir='ltr'><strong>earum</strong></span> <span class='ocrx_word' id='word_1_228' title='bbox 1098 2685 1174 2750; x_wconf 91' lang='lat' dir='ltr'><strong>quas</strong></span> <span class='ocrx_word' id='word_1_229' title='bbox 1197 2661 1381 2750; x_wconf 82' lang='lat' dir='ltr'><strong>Cyprianus</strong></span> <span class='ocrx_word' id='word_1_230' title='bbox 1403 2661 1551 2728; x_wconf 84' lang='lat' dir='ltr'><strong>laudavit</strong></span> <span class='ocrx_word' id='word_1_231' title='bbox 1572 2665 1787 2750; x_wconf 89' lang='lat' dir='ltr'><strong>epitomarum</strong></span> <span class='ocrx_word' id='word_1_232' title='bbox 1811 2664 1983 2749; x_wconf 85' lang='lat' dir='ltr'><strong>vestigium</strong></span> <span class='ocrx_word' id='word_1_233' title='bbox 2008 2663 2049 2728; x_wconf 89' lang='lat' dir='ltr'><strong>ad</strong></span> <span class='ocrx_word' id='word_1_234' title='bbox 2071 2673 2212 2728; x_wconf 89' lang='lat' dir='ltr'><strong>nostram</strong></span> 
     </span>
     <span class='ocr_line' id='line_1_21' title="bbox 408 2751 2213 2852; baseline 0 -22"><span class='ocrx_word' id='word_1_235' title='bbox 408 2788 511 2852; x_wconf 89' lang='lat' dir='ltr'><strong>usque</strong></span> <span class='ocrx_word' id='word_1_236' title='bbox 533 2767 723 2852; x_wconf 89' lang='lat' dir='ltr'><strong>pervenerit</strong></span> <span class='ocrx_word' id='word_1_237' title='bbox 751 2777 906 2850; x_wconf 91' lang='lat' dir='ltr'><strong>aetatem,</strong></span> <span class='ocrx_word' id='word_1_238' title='bbox 938 2766 979 2832; x_wconf 90' lang='lat' dir='ltr'><strong>de</strong></span> <span class='ocrx_word' id='word_1_239' title='bbox 1008 2771 1132 2832; x_wconf 90' lang='lat' dir='ltr'><strong>ratione</strong></span> <span class='ocrx_word' id='word_1_240' title='bbox 1162 2787 1273 2832; x_wconf 85' lang='lat' dir='ltr'><strong>earnm</strong></span> <span class='ocrx_word' id='word_1_241' title='bbox 1298 2768 1450 2852; x_wconf 88' lang='lat' dir='ltr'><strong>judicare</strong></span> <span class='ocrx_word' id='word_1_242' title='bbox 1478 2789 1541 2830; x_wconf 92' lang='lat' dir='ltr'><strong>non</strong></span> <span class='ocrx_word' id='word_1_243' title='bbox 1564 2787 1751 2852; x_wconf 88' lang='lat' dir='ltr'><strong>possumus,</strong></span> <span class='ocrx_word' id='word_1_244' title='bbox 1782 2764 1869 2851; x_wconf 89' lang='lat' dir='ltr'><strong>quod</strong></span> <span class='ocrx_word' id='word_1_245' title='bbox 1899 2751 2074 2852; x_wconf 58' lang='lat' dir='ltr'><strong>possumus⁴</strong></span> <span class='ocrx_word' id='word_1_246' title='bbox 2097 2766 2138 2832; x_wconf 90' lang='lat' dir='ltr'><strong>de</strong></span> <span class='ocrx_word' id='word_1_247' title='bbox 2168 2772 2213 2832; x_wconf 90' lang='lat' dir='ltr'><strong>eis</strong></span> 
     </span>
     <span class='ocr_line' id='line_1_22' title="bbox 326 2861 2211 2958; baseline 0.001 -25"><span class='ocrx_word' id='word_1_248' title='bbox 326 2861 330 2882; x_wconf 80' lang='lat'>&#39;</span> <span class='ocrx_word' id='word_1_249' title='bbox 408 2891 492 2957; x_wconf 90' lang='lat' dir='ltr'><strong>quae</strong></span> <span class='ocrx_word' id='word_1_250' title='bbox 521 2879 670 2934; x_wconf 85' lang='lat' dir='ltr'><strong>servatae</strong></span> <span class='ocrx_word' id='word_1_251' title='bbox 704 2880 793 2949; x_wconf 89' lang='lat' dir='ltr'><strong>sunt,</strong></span> <span class='ocrx_word' id='word_1_252' title='bbox 832 2871 933 2958; x_wconf 82' lang='lat' dir='ltr'><strong>Trogi</strong></span> <span class='ocrx_word' id='word_1_253' title='bbox 962 2869 1108 2957; x_wconf 90' lang='lat' dir='ltr'><strong>Pompeji</strong></span> <span class='ocrx_word' id='word_1_254' title='bbox 1144 2871 1218 2935; x_wconf 91' lang='lat' dir='ltr'><strong>dico</strong></span> <span class='ocrx_word' id='word_1_255' title='bbox 1247 2869 1410 2956; x_wconf 90' lang='lat' dir='ltr'><strong>epitomen</strong></span> <span class='ocrx_word' id='word_1_256' title='bbox 1440 2892 1460 2932; x_wconf 90' lang='lat' dir='ltr'><strong>a</strong></span> <span class='ocrx_word' id='word_1_257' title='bbox 1487 2867 1616 2933; x_wconf 86' lang='lat' dir='ltr'><strong>Justino</strong></span> <span class='ocrx_word' id='word_1_258' title='bbox 1652 2867 1852 2948; x_wconf 86' lang='lat' dir='ltr'><strong>confectam,</strong></span> <span class='ocrx_word' id='word_1_259' title='bbox 1890 2867 2019 2935; x_wconf 79' lang='lat' dir='ltr'><strong>Ctesias</strong></span> <span class='ocrx_word' id='word_1_260' title='bbox 2027 2919 2036 2951; x_wconf 96' lang='lat'><strong>,</strong></span> <span class='ocrx_word' id='word_1_261' title='bbox 2074 2869 2211 2936; x_wconf 88' lang='lat' dir='ltr'><strong>Diodori</strong></span> 
     </span>
     <span class='ocr_line' id='line_1_23' title="bbox 410 2967 2216 3062; baseline -0.001 -24"><span class='ocrx_word' id='word_1_262' title='bbox 410 2973 546 3039; x_wconf 90' lang='lat' dir='ltr'><strong>aliorum</strong></span> <span class='ocrx_word' id='word_1_263' title='bbox 576 2977 730 3059; x_wconf 89' lang='lat' dir='ltr'><strong>epitomas</strong></span> <span class='ocrx_word' id='word_1_264' title='bbox 759 2998 778 3039; x_wconf 91' lang='lat' dir='ltr'><strong>a</strong></span> <span class='ocrx_word' id='word_1_265' title='bbox 807 2973 924 3039; x_wconf 88' lang='lat' dir='ltr'><strong>Photio</strong></span> <span class='ocrx_word' id='word_1_266' title='bbox 948 2967 1040 3040; x_wconf 81' lang='lat' dir='ltr'><strong>nobis</strong></span> <span class='ocrx_word' id='word_1_267' title='bbox 1063 2974 1214 3056; x_wconf 88' lang='lat' dir='ltr'><strong>traditas,</strong></span> <span class='ocrx_word' id='word_1_268' title='bbox 1246 2974 1371 3044; x_wconf 84' lang='lat' dir='ltr'><strong>silias⁴l.</strong></span> <span class='ocrx_word' id='word_1_269' title='bbox 1417 2972 1505 3054; x_wconf 81' lang='lat' dir='ltr'><strong>Quas</strong></span> <span class='ocrx_word' id='word_1_270' title='bbox 1529 2973 1598 3058; x_wconf 91' lang='lat' dir='ltr'><strong>jam</strong></span> <span class='ocrx_word' id='word_1_271' title='bbox 1621 2973 1650 3038; x_wconf 91' lang='lat' dir='ltr'><strong>si</strong></span> <span class='ocrx_word' id='word_1_272' title='bbox 1672 2973 1868 3038; x_wconf 87' lang='lat' dir='ltr'><strong>conferimus</strong></span> <span class='ocrx_word' id='word_1_273' title='bbox 1891 2995 1966 3037; x_wconf 91' lang='lat' dir='ltr'><strong>enm</strong></span> <span class='ocrx_word' id='word_1_274' title='bbox 1988 2973 2216 3062; x_wconf 89' lang='lat' dir='ltr'><strong>Xenophontis</strong></span> 
     </span>
     <span class='ocr_line' id='line_1_24' title="bbox 409 3075 2214 3168; baseline -0.001 -27"><span class='ocrx_word' id='word_1_275' title='bbox 409 3077 544 3142; x_wconf 90' lang='lat' dir='ltr'><strong>historia</strong></span> <span class='ocrx_word' id='word_1_276' title='bbox 565 3099 684 3164; x_wconf 86' lang='lat' dir='ltr'><strong>graeca</strong></span> <span class='ocrx_word' id='word_1_277' title='bbox 713 3077 841 3164; x_wconf 89' lang='lat' dir='ltr'><strong>qualem</strong></span> <span class='ocrx_word' id='word_1_278' title='bbox 864 3078 994 3143; x_wconf 88' lang='lat' dir='ltr'><strong>codices</strong></span> <span class='ocrx_word' id='word_1_279' title='bbox 1017 3079 1191 3157; x_wconf 85' lang='lat' dir='ltr'><strong>exhibent,</strong></span> <span class='ocrx_word' id='word_1_280' title='bbox 1219 3099 1285 3142; x_wconf 89' lang='lat' dir='ltr'><strong>non</strong></span> <span class='ocrx_word' id='word_1_281' title='bbox 1308 3076 1459 3142; x_wconf 89' lang='lat' dir='ltr'><strong>dubitare</strong></span> <span class='ocrx_word' id='word_1_282' title='bbox 1475 3075 1627 3168; x_wconf 86' lang='lat' dir='ltr'><strong>profecto</strong></span> <span class='ocrx_word' id='word_1_283' title='bbox 1649 3097 1715 3141; x_wconf 90' lang='lat' dir='ltr'><strong>non</strong></span> <span class='ocrx_word' id='word_1_284' title='bbox 1737 3097 1923 3163; x_wconf 87' lang='lat' dir='ltr'><strong>possumus,</strong></span> <span class='ocrx_word' id='word_1_285' title='bbox 1952 3099 2028 3142; x_wconf 89' lang='lat' dir='ltr'><strong>num</strong></span> <span class='ocrx_word' id='word_1_286' title='bbox 2053 3077 2214 3142; x_wconf 86' lang='lat' dir='ltr'><strong>sententia</strong></span> 
     </span>
    </p>
   </div>
   <div class='ocr_carea' id='block_1_3' title="bbox 408 3165 2214 3787">
    <p class='ocr_par' dir='ltr' id='par_1_4' title="bbox 408 3165 2214 3683">
     <span class='ocr_line' id='line_1_25' title="bbox 409 3165 2214 3269; baseline -0.001 -24"><span class='ocrx_word' id='word_1_287' title='bbox 409 3165 466 3245; x_wconf 87' lang='lat' dir='ltr'><strong>illa</strong></span> <span class='ocrx_word' id='word_1_288' title='bbox 487 3179 613 3266; x_wconf 90' lang='lat' dir='ltr'><strong>prolata</strong></span> <span class='ocrx_word' id='word_1_289' title='bbox 634 3185 724 3246; x_wconf 87' lang='lat' dir='ltr'><strong>reete</strong></span> <span class='ocrx_word' id='word_1_290' title='bbox 746 3180 876 3247; x_wconf 89' lang='lat' dir='ltr'><strong>habeat.</strong></span> <span class='ocrx_word' id='word_1_291' title='bbox 922 3183 1012 3248; x_wconf 90' lang='lat' dir='ltr'><strong>Nam·</strong></span> <span class='ocrx_word' id='word_1_292' title='bbox 1027 3205 1099 3248; x_wconf 88' lang='lat' dir='ltr'><strong>cum</strong></span> <span class='ocrx_word' id='word_1_293' title='bbox 1118 3183 1188 3268; x_wconf 88' lang='lat' dir='ltr'><strong>jam</strong></span> <span class='ocrx_word' id='word_1_294' title='bbox 1212 3204 1272 3269; x_wconf 90' lang='lat' dir='ltr'><strong>per</strong></span> <span class='ocrx_word' id='word_1_295' title='bbox 1295 3203 1329 3244; x_wconf 90' lang='lat' dir='ltr'><strong>se</strong></span> <span class='ocrx_word' id='word_1_296' title='bbox 1351 3181 1501 3246; x_wconf 87' lang='lat' dir='ltr'><strong>videatur</strong></span> <span class='ocrx_word' id='word_1_297' title='bbox 1523 3183 1679 3266; x_wconf 64' lang='lat' dir='ltr'><strong>paternii,</strong></span> <span class='ocrx_word' id='word_1_298' title='bbox 1704 3181 1862 3266; x_wconf 91' lang='lat' dir='ltr'><strong>epitomas</strong></span> <span class='ocrx_word' id='word_1_299' title='bbox 1884 3202 1947 3244; x_wconf 91' lang='lat' dir='ltr'><strong>non</strong></span> <span class='ocrx_word' id='word_1_300' title='bbox 1972 3182 2017 3244; x_wconf 90' lang='lat' dir='ltr'><strong>ita</strong></span> <span class='ocrx_word' id='word_1_301' title='bbox 2039 3181 2154 3245; x_wconf 88' lang='lat' dir='ltr'><strong>confiei</strong></span> <span class='ocrx_word' id='word_1_302' title='bbox 2179 3190 2214 3245; x_wconf 93' lang='lat' dir='ltr'><strong>ut</strong></span> 
     </span>
     <span class='ocr_line' id='line_1_26' title="bbox 410 3282 2212 3372; baseline -0.001 -24"><span class='ocrx_word' id='word_1_303' title='bbox 410 3283 512 3350; x_wconf 90' lang='lat' dir='ltr'><strong>multa</strong></span> <span class='ocrx_word' id='word_1_304' title='bbox 540 3306 635 3371; x_wconf 91' lang='lat' dir='ltr'><strong>quam</strong></span> <span class='ocrx_word' id='word_1_305' title='bbox 671 3285 861 3350; x_wconf 84' lang='lat' dir='ltr'><strong>brevissime</strong></span> <span class='ocrx_word' id='word_1_306' title='bbox 893 3298 1024 3352; x_wconf 87' lang='lat' dir='ltr'><strong>narrata</strong></span> <span class='ocrx_word' id='word_1_307' title='bbox 1053 3297 1241 3362; x_wconf 88' lang='lat' dir='ltr'><strong>serventur,</strong></span> <span class='ocrx_word' id='word_1_308' title='bbox 1273 3283 1373 3348; x_wconf 88' lang='lat' dir='ltr'><strong>multa</strong></span> <span class='ocrx_word' id='word_1_309' title='bbox 1403 3284 1498 3372; x_wconf 88' lang='lat' dir='ltr'><strong>plane</strong></span> <span class='ocrx_word' id='word_1_310' title='bbox 1527 3285 1732 3367; x_wconf 89' lang='lat' dir='ltr'><strong>omittantur,</strong></span> <span class='ocrx_word' id='word_1_311' title='bbox 1768 3285 1970 3348; x_wconf 89' lang='lat' dir='ltr'><strong>econtrario</strong></span> <span class='ocrx_word' id='word_1_312' title='bbox 1993 3282 2096 3348; x_wconf 90' lang='lat' dir='ltr'><strong>multa</strong></span> <span class='ocrx_word' id='word_1_313' title='bbox 2117 3305 2212 3369; x_wconf 91' lang='lat' dir='ltr'><strong>quam</strong></span> 
     </span>
     <span class='ocr_line' id='line_1_27' title="bbox 409 3384 2213 3475; baseline -0.002 -23"><span class='ocrx_word' id='word_1_314' title='bbox 409 3388 631 3474; x_wconf 87' lang='lat' dir='ltr'><strong>copiosissime</strong></span> <span class='ocrx_word' id='word_1_315' title='bbox 653 3397 785 3454; x_wconf 84' lang='lat' dir='ltr'><strong>narrata</strong></span> <span class='ocrx_word' id='word_1_316' title='bbox 807 3392 1022 3475; x_wconf 87' lang='lat' dir='ltr'><strong>retineantur,</strong></span> <span class='ocrx_word' id='word_1_317' title='bbox 1052 3391 1213 3456; x_wconf 88' lang='lat' dir='ltr'><strong>orationes</strong></span> <span class='ocrx_word' id='word_1_318' title='bbox 1238 3397 1322 3452; x_wconf 87' lang='lat' dir='ltr'><strong>totae</strong></span> <span class='ocrx_word' id='word_1_319' title='bbox 1346 3387 1564 3452; x_wconf 81' lang='lat' dir='ltr'><strong>exhibeantur</strong></span> <span class='ocrx_word' id='word_1_320' title='bbox 1586 3397 1618 3452; x_wconf 92' lang='lat' dir='ltr'><strong>et</strong></span> <span class='ocrx_word' id='word_1_321' title='bbox 1641 3409 1723 3473; x_wconf 85' lang='lat' dir='ltr'><strong>quae</strong></span> <span class='ocrx_word' id='word_1_322' title='bbox 1747 3397 1823 3451; x_wconf 89' lang='lat' dir='ltr'><strong>sunt</strong></span> <span class='ocrx_word' id='word_1_323' title='bbox 1843 3384 1977 3464; x_wconf 89' lang='lat' dir='ltr'><strong>similia,</strong></span> <span class='ocrx_word' id='word_1_324' title='bbox 2001 3395 2068 3452; x_wconf 86' lang='lat' dir='ltr'><strong>turn</strong></span> <span class='ocrx_word' id='word_1_325' title='bbox 2090 3385 2213 3452; x_wconf 87' lang='lat' dir='ltr'><strong>Justini</strong></span> 
     </span>
     <span class='ocr_line' id='line_1_28' title="bbox 408 3489 2213 3580; baseline 0.001 -26"><span class='ocrx_word' id='word_1_326' title='bbox 408 3489 580 3578; x_wconf 90' lang='lat' dir='ltr'><strong>Photiique</strong></span> <span class='ocrx_word' id='word_1_327' title='bbox 609 3493 771 3577; x_wconf 89' lang='lat' dir='ltr'><strong>epitomae</strong></span> <span class='ocrx_word' id='word_1_328' title='bbox 800 3491 898 3579; x_wconf 90' lang='lat' dir='ltr'><strong>plane</strong></span> <span class='ocrx_word' id='word_1_329' title='bbox 920 3493 1014 3558; x_wconf 90' lang='lat' dir='ltr'><strong>aliter</strong></span> <span class='ocrx_word' id='word_1_330' title='bbox 1037 3502 1112 3558; x_wconf 89' lang='lat' dir='ltr'><strong>sunt</strong></span> <span class='ocrx_word' id='word_1_331' title='bbox 1134 3504 1356 3578; x_wconf 85' lang='lat' dir='ltr'><strong>comparatae:</strong></span> <span class='ocrx_word' id='word_1_332' title='bbox 1386 3515 1481 3580; x_wconf 86' lang='lat' dir='ltr'><strong>quam</strong></span> <span class='ocrx_word' id='word_1_333' title='bbox 1502 3492 1695 3560; x_wconf 88' lang='lat' dir='ltr'><strong>brevissime</strong></span> <span class='ocrx_word' id='word_1_334' title='bbox 1717 3493 1824 3556; x_wconf 80' lang='lat' dir='ltr'><strong>ornain</strong></span> <span class='ocrx_word' id='word_1_335' title='bbox 1845 3501 2032 3573; x_wconf 88' lang='lat' dir='ltr'><strong>narrantur,</strong></span> <span class='ocrx_word' id='word_1_336' title='bbox 2055 3503 2090 3556; x_wconf 88' lang='lat' dir='ltr'><strong>ut</strong></span> <span class='ocrx_word' id='word_1_337' title='bbox 2112 3492 2213 3556; x_wconf 89' lang='lat' dir='ltr'><strong>multa</strong></span> 
     </span>
     <span class='ocr_line' id='line_1_29' title="bbox 409 3594 2212 3683; baseline 0.002 -26"><span class='ocrx_word' id='word_1_338' title='bbox 409 3594 546 3658; x_wconf 87' lang='lat' dir='ltr'><strong>obscura</strong></span> <span class='ocrx_word' id='word_1_339' title='bbox 573 3595 639 3659; x_wconf 90' lang='lat' dir='ltr'><strong>sint</strong></span> <span class='ocrx_word' id='word_1_340' title='bbox 667 3595 811 3674; x_wconf 84' lang='lat' dir='ltr'><strong>reddita,</strong></span> <span class='ocrx_word' id='word_1_341' title='bbox 845 3595 946 3661; x_wconf 89' lang='lat' dir='ltr'><strong>multa</strong></span> <span class='ocrx_word' id='word_1_342' title='bbox 968 3597 1115 3678; x_wconf 86' lang='lat' dir='ltr'><strong>turbata;</strong></span> <span class='ocrx_word' id='word_1_343' title='bbox 1146 3599 1293 3683; x_wconf 89' lang='lat' dir='ltr'><strong>integrae</strong></span> <span class='ocrx_word' id='word_1_344' title='bbox 1311 3606 1419 3662; x_wconf 88' lang='lat' dir='ltr'><strong>autem</strong></span> <span class='ocrx_word' id='word_1_345' title='bbox 1443 3599 1550 3682; x_wconf 92' lang='lat' dir='ltr'><strong>operis</strong></span> <span class='ocrx_word' id='word_1_346' title='bbox 1573 3597 1643 3660; x_wconf 86' lang='lat' dir='ltr'><strong>veri</strong></span> <span class='ocrx_word' id='word_1_347' title='bbox 1665 3606 1774 3682; x_wconf 89' lang='lat' dir='ltr'><strong>partes</strong></span> <span class='ocrx_word' id='word_1_348' title='bbox 1796 3605 1940 3660; x_wconf 89' lang='lat' dir='ltr'><strong>retentae</strong></span> <span class='ocrx_word' id='word_1_349' title='bbox 1963 3605 2038 3661; x_wconf 92' lang='lat' dir='ltr'><strong>sunt</strong></span> <span class='ocrx_word' id='word_1_350' title='bbox 2059 3594 2212 3676; x_wconf 72' lang='lat' dir='ltr'><strong>nullael).</strong></span> 
     </span>
    </p>

    <p class='ocr_par' dir='ltr' id='par_1_5' title="bbox 563 3697 2213 3787">
     <span class='ocr_line' id='line_1_30' title="bbox 563 3697 2213 3787; baseline 0.002 -26"><span class='ocrx_word' id='word_1_351' title='bbox 563 3697 684 3763; x_wconf 87' lang='lat' dir='ltr'><strong>V&#39;erum</strong></span> <span class='ocrx_word' id='word_1_352' title='bbox 715 3709 823 3764; x_wconf 90' lang='lat' dir='ltr'><strong>tamen</strong></span> <span class='ocrx_word' id='word_1_353' title='bbox 857 3722 899 3764; x_wconf 90' lang='lat' dir='ltr'><strong>ne</strong></span> <span class='ocrx_word' id='word_1_354' title='bbox 924 3699 1001 3764; x_wconf 91' lang='lat' dir='ltr'><strong>mihi</strong></span> <span class='ocrx_word' id='word_1_355' title='bbox 1025 3699 1138 3764; x_wconf 85' lang='lat' dir='ltr'><strong>videar</strong></span> <span class='ocrx_word' id='word_1_356' title='bbox 1158 3700 1219 3766; x_wconf 93' lang='lat' dir='ltr'><strong>hoe</strong></span> <span class='ocrx_word' id='word_1_357' title='bbox 1243 3713 1435 3786; x_wconf 89' lang='lat' dir='ltr'><strong>argumento</strong></span> <span class='ocrx_word' id='word_1_358' title='bbox 1457 3701 1649 3765; x_wconf 87' lang='lat' dir='ltr'><strong>sententiam</strong></span> <span class='ocrx_word' id='word_1_359' title='bbox 1671 3699 1762 3764; x_wconf 89' lang='lat' dir='ltr'><strong>illam</strong></span> <span class='ocrx_word' id='word_1_360' title='bbox 1783 3699 1982 3787; x_wconf 88' lang='lat' dir='ltr'><strong>propositam</strong></span> <span class='ocrx_word' id='word_1_361' title='bbox 2005 3699 2118 3764; x_wconf 78' lang='lat' dir='ltr'><strong>falsam</strong></span> <span class='ocrx_word' id='word_1_362' title='bbox 2142 3721 2213 3786; x_wconf 94' lang='lat' dir='ltr'><strong>pro·</strong></span> 
     </span>
    </p>
   </div>
   <div class='ocr_carea' id='block_1_4' title="bbox 408 3801 2234 4202">
    <p class='ocr_par' dir='ltr' id='par_1_6' title="bbox 408 3801 2234 4202">
     <span class='ocr_line' id='line_1_31' title="bbox 408 3801 2213 3891; baseline 0.002 -26"><span class='ocrx_word' id='word_1_363' title='bbox 408 3803 553 3881; x_wconf 80' lang='lat' dir='ltr'><strong>havisae,</strong></span> <span class='ocrx_word' id='word_1_364' title='bbox 580 3801 644 3866; x_wconf 84' lang='lat' dir='ltr'><strong>riri</strong></span> <span class='ocrx_word' id='word_1_365' title='bbox 674 3805 728 3888; x_wconf 89' lang='lat' dir='ltr'><strong>qui</strong></span> <span class='ocrx_word' id='word_1_366' title='bbox 757 3824 829 3867; x_wconf 88' lang='lat' dir='ltr'><strong>earn</strong></span> <span class='ocrx_word' id='word_1_367' title='bbox 860 3802 1065 3889; x_wconf 86' lang='lat' dir='ltr'><strong>protulerunt</strong></span> <span class='ocrx_word' id='word_1_368' title='bbox 1092 3805 1155 3890; x_wconf 90' lang='lat' dir='ltr'><strong>ipsi</strong></span> <span class='ocrx_word' id='word_1_369' title='bbox 1187 3815 1351 3870; x_wconf 89' lang='lat' dir='ltr'><strong>caverunt.</strong></span> <span class='ocrx_word' id='word_1_370' title='bbox 1398 3804 1479 3868; x_wconf 86' lang='lat' dir='ltr'><strong>Cum</strong></span> <span class='ocrx_word' id='word_1_371' title='bbox 1510 3801 1572 3868; x_wconf 93' lang='lat' dir='ltr'><strong>illis</strong></span> <span class='ocrx_word' id='word_1_372' title='bbox 1601 3804 1687 3868; x_wconf 90' lang='lat' dir='ltr'><strong>enim</strong></span> <span class='ocrx_word' id='word_1_373' title='bbox 1709 3825 1775 3868; x_wconf 91' lang='lat' dir='ltr'><strong>non</strong></span> <span class='ocrx_word' id='word_1_374' title='bbox 1798 3814 1904 3889; x_wconf 89' lang='lat' dir='ltr'><strong>potest</strong></span> <span class='ocrx_word' id='word_1_375' title='bbox 1926 3808 2108 3891; x_wconf 90' lang='lat' dir='ltr'><strong>comparari</strong></span> <span class='ocrx_word' id='word_1_376' title='bbox 2131 3804 2213 3869; x_wconf 88' lang='lat' dir='ltr'><strong>baec</strong></span> 
     </span>
     <span class='ocr_line' id='line_1_32' title="bbox 408 3904 2212 3994; baseline 0 -22"><span class='ocrx_word' id='word_1_377' title='bbox 408 3905 635 3991; x_wconf 88' lang='lat' dir='ltr'><strong>Xenophontis</strong></span> <span class='ocrx_word' id='word_1_378' title='bbox 664 3907 821 3992; x_wconf 89' lang='lat' dir='ltr'><strong>epitome,</strong></span> <span class='ocrx_word' id='word_1_379' title='bbox 852 3930 936 3993; x_wconf 89' lang='lat' dir='ltr'><strong>quae</strong></span> <span class='ocrx_word' id='word_1_380' title='bbox 958 3908 1131 3994; x_wconf 90' lang='lat' dir='ltr'><strong>peculiaris</strong></span> <span class='ocrx_word' id='word_1_381' title='bbox 1161 3919 1209 3973; x_wconf 91' lang='lat' dir='ltr'><strong>est</strong></span> <span class='ocrx_word' id='word_1_382' title='bbox 1238 3909 1345 3990; x_wconf 74' lang='lat' dir='ltr'><strong>(aeine</strong></span> <span class='ocrx_word' id='word_1_383' title='bbox 1375 3904 1626 3993; x_wconf 85' lang='lat' dir='ltr'><strong>eigentlimliehe</strong></span> <span class='ocrx_word' id='word_1_384' title='bbox 1655 3916 1706 3970; x_wconf 92' lang='lat' dir='ltr'><strong>art</strong></span> <span class='ocrx_word' id='word_1_385' title='bbox 1726 3929 1792 3971; x_wconf 88' lang='lat' dir='ltr'><strong>von</strong></span> <span class='ocrx_word' id='word_1_386' title='bbox 1823 3909 1997 3993; x_wconf 88' lang='lat' dir='ltr'><strong>epitome“)</strong></span> <span class='ocrx_word' id='word_1_387' title='bbox 2027 3907 2212 3994; x_wconf 88' lang='lat' dir='ltr'><strong>etquidem</strong></span> 
     </span>
     <span class='ocr_line' id='line_1_33' title="bbox 408 4007 2234 4099; baseline 0.001 -25"><span class='ocrx_word' id='word_1_388' title='bbox 408 4009 482 4074; x_wconf 89' lang='lat' dir='ltr'><strong>talis</strong></span> <span class='ocrx_word' id='word_1_389' title='bbox 504 4010 537 4074; x_wconf 92' lang='lat' dir='ltr'><strong>in</strong></span> <span class='ocrx_word' id='word_1_390' title='bbox 567 4031 631 4096; x_wconf 89' lang='lat' dir='ltr'><strong>qua</strong></span> <span class='ocrx_word' id='word_1_391' title='bbox 653 4007 880 4097; x_wconf 89' lang='lat' dir='ltr'><strong>Xenophontis</strong></span> <span class='ocrx_word' id='word_1_392' title='bbox 908 4010 1013 4076; x_wconf 83' lang='lat' dir='ltr'><strong>rerba</strong></span> <span class='ocrx_word' id='word_1_393' title='bbox 1034 4013 1106 4098; x_wconf 85' lang='lat' dir='ltr'><strong>ipsa</strong></span> <span class='ocrx_word' id='word_1_394' title='bbox 1127 4033 1224 4097; x_wconf 89' lang='lat' dir='ltr'><strong>saepe</strong></span> <span class='ocrx_word' id='word_1_395' title='bbox 1247 4013 1312 4076; x_wconf 90' lang='lat' dir='ltr'><strong>siut</strong></span> <span class='ocrx_word' id='word_1_396' title='bbox 1333 4021 1478 4092; x_wconf 84' lang='lat' dir='ltr'><strong>servata,</strong></span> <span class='ocrx_word' id='word_1_397' title='bbox 1507 4007 1671 4097; x_wconf 88' lang='lat' dir='ltr'><strong>longiores</strong></span> <span class='ocrx_word' id='word_1_398' title='bbox 1694 4031 1823 4097; x_wconf 87' lang='lat' dir='ltr'><strong>quoque</strong></span> <span class='ocrx_word' id='word_1_399' title='bbox 1846 4011 1938 4076; x_wconf 91' lang='lat' dir='ltr'><strong>multi</strong></span> <span class='ocrx_word' id='word_1_400' title='bbox 1961 4009 2026 4076; x_wconf 91' lang='lat' dir='ltr'><strong>loci</strong></span> <span class='ocrx_word' id='word_1_401' title='bbox 2047 4009 2145 4099; x_wconf 90' lang='lat' dir='ltr'><strong>plane</strong></span> <span class='ocrx_word' id='word_1_402' title='bbox 2167 4015 2234 4088; x_wconf 86' lang='lat' dir='ltr'><strong>iu-,</strong></span> 
     </span>
     <span class='ocr_line' id='line_1_34' title="bbox 408 4113 2215 4202; baseline 0.001 -23"><span class='ocrx_word' id='word_1_403' title='bbox 408 4118 492 4200; x_wconf 86' lang='lat' dir='ltr'><strong>tegri</strong></span> <span class='ocrx_word' id='word_1_404' title='bbox 515 4115 632 4179; x_wconf 89' lang='lat' dir='ltr'><strong>retenti</strong></span> <span class='ocrx_word' id='word_1_405' title='bbox 655 4136 752 4197; x_wconf 92' lang='lat' dir='ltr'><strong>„cnm</strong></span> <span class='ocrx_word' id='word_1_406' title='bbox 773 4113 942 4200; x_wconf 89' lang='lat' dir='ltr'><strong>placerent</strong></span> <span class='ocrx_word' id='word_1_407' title='bbox 964 4114 1186 4202; x_wconf 89' lang='lat' dir='ltr'><strong>epitomatori,</strong></span> <span class='ocrx_word' id='word_1_408' title='bbox 1215 4125 1271 4179; x_wconf 90' lang='lat' dir='ltr'><strong>aut</strong></span> <span class='ocrx_word' id='word_1_409' title='bbox 1293 4113 1381 4179; x_wconf 83' lang='lat' dir='ltr'><strong>facili</strong></span> <span class='ocrx_word' id='word_1_410' title='bbox 1404 4136 1504 4202; x_wconf 87' lang='lat' dir='ltr'><strong>opera</strong></span> <span class='ocrx_word' id='word_1_411' title='bbox 1525 4115 1558 4177; x_wconf 91' lang='lat' dir='ltr'><strong>iu</strong></span> <span class='ocrx_word' id='word_1_412' title='bbox 1582 4115 1744 4198; x_wconf 90' lang='lat' dir='ltr'><strong>epitomen</strong></span> <span class='ocrx_word' id='word_1_413' title='bbox 1767 4114 1839 4200; x_wconf 87' lang='lat' dir='ltr'><strong>eo&#39;gi</strong></span> <span class='ocrx_word' id='word_1_414' title='bbox 1861 4115 2070 4200; x_wconf 86' lang='lat' dir='ltr'><strong>nequirent“,</strong></span> <span class='ocrx_word' id='word_1_415' title='bbox 2094 4116 2128 4180; x_wconf 92' lang='lat' dir='ltr'><strong>in</strong></span> <span class='ocrx_word' id='word_1_416' title='bbox 2151 4135 2215 4202; x_wconf 90' lang='lat' dir='ltr'><strong>qua</strong></span> 
     </span>
    </p>
   </div>
   <div class='ocr_carea' id='block_1_5' title="bbox 372 4319 2223 5331">
    <p class='ocr_par' dir='ltr' id='par_1_7' title="bbox 567 4319 1546 4393">
     <span class='ocr_line' id='line_1_35' title="bbox 567 4319 1546 4393; baseline -0.004 -15"><span class='ocrx_word' id='word_1_417' title='bbox 567 4325 590 4390; x_wconf 90' lang='lat'><strong>¹)</strong></span> <span class='ocrx_word' id='word_1_418' title='bbox 609 4339 674 4393; x_wconf 89' lang='lat' dir='ltr'><strong>pag.</strong></span> <span class='ocrx_word' id='word_1_419' title='bbox 694 4327 727 4377; x_wconf 83' lang='grc'><strong>98</strong></span> <span class='ocrx_word' id='word_1_420' title='bbox 745 4339 818 4391; x_wconf 88' lang='lat' dir='ltr'><strong>sqq.;</strong></span> <span class='ocrx_word' id='word_1_421' title='bbox 842 4323 974 4391; x_wconf 73' lang='grc' dir='ltr'><strong>Φιλίστωρ</strong></span> <span class='ocrx_word' id='word_1_422' title='bbox 993 4326 1052 4377; x_wconf 77' lang='grc'><strong>462,</strong></span> <span class='ocrx_word' id='word_1_423' title='bbox 1073 4351 1105 4362; x_wconf 90' lang='lat'><em>-</em></span> <span class='ocrx_word' id='word_1_424' title='bbox 1124 4320 1173 4376; x_wconf 84' lang='lat' dir='ltr'><strong>cfr.</strong></span> <span class='ocrx_word' id='word_1_425' title='bbox 1192 4319 1311 4374; x_wconf 82' lang='lat' dir='ltr'><strong>Grosser</strong></span> <span class='ocrx_word' id='word_1_426' title='bbox 1328 4335 1421 4390; x_wconf 86' lang='lat' dir='ltr'><strong>progr.</strong></span> <span class='ocrx_word' id='word_1_427' title='bbox 1439 4325 1464 4388; x_wconf 80' lang='lat' dir='ltr'><strong>t,</strong></span> <span class='ocrx_word' id='word_1_428' title='bbox 1482 4319 1507 4392; x_wconf 62' lang='grc' dir='ltr'><strong>ξ.</strong></span> <span class='ocrx_word' id='word_1_429' title='bbox 1521 4326 1546 4374; x_wconf 78' lang='lat'><strong>4.</strong></span> 
     </span>
    </p>

    <p class='ocr_par' dir='ltr' id='par_1_8' title="bbox 408 4403 2223 4566">
     <span class='ocr_line' id='line_1_36' title="bbox 566 4403 2223 4483; baseline 0.001 -21"><span class='ocrx_word' id='word_1_430' title='bbox 566 4411 592 4475; x_wconf 80' lang='lat'><strong>²)</strong></span> <span class='ocrx_word' id='word_1_431' title='bbox 613 4409 664 4466; x_wconf 84' lang='lat' dir='ltr'><strong>cir.</strong></span> <span class='ocrx_word' id='word_1_432' title='bbox 683 4409 730 4465; x_wconf 87' lang='lat' dir='ltr'><strong>Fr.</strong></span> <span class='ocrx_word' id='word_1_433' title='bbox 749 4408 928 4464; x_wconf 88' lang='lat' dir='ltr'><strong>Crentzerum</strong></span> <span class='ocrx_word' id='word_1_434' title='bbox 945 4408 1054 4476; x_wconf 82' lang='lat' dir='ltr'><strong>ipsum,</strong></span> <span class='ocrx_word' id='word_1_435' title='bbox 1080 4406 1197 4476; x_wconf 80' lang='lat' dir='ltr'><strong>,hinton</strong></span> <span class='ocrx_word' id='word_1_436' title='bbox 1215 4404 1301 4460; x_wconf 86' lang='lat' dir='ltr'><strong>kunst</strong></span> <span class='ocrx_word' id='word_1_437' title='bbox 1317 4403 1368 4459; x_wconf 89' lang='lat' dir='ltr'><strong>der</strong></span> <span class='ocrx_word' id='word_1_438' title='bbox 1385 4403 1557 4476; x_wconf 83' lang='lat' dir='ltr'><strong>Grieehen“,</strong></span> <span class='ocrx_word' id='word_1_439' title='bbox 1578 4421 1644 4478; x_wconf 85' lang='lat' dir='ltr'><strong>pgg.</strong></span> <span class='ocrx_word' id='word_1_440' title='bbox 1663 4409 1728 4472; x_wconf 75' lang='lat'><strong>³³4;</strong></span> <span class='ocrx_word' id='word_1_441' title='bbox 1751 4408 1817 4474; x_wconf 72' lang='lat'><strong>3573</strong></span> <span class='ocrx_word' id='word_1_442' title='bbox 1836 4411 1901 4470; x_wconf 67' lang='lat'><strong>³²²3</strong></span> <span class='ocrx_word' id='word_1_443' title='bbox 1926 4411 1991 4478; x_wconf 76' lang='lat'><strong>8383</strong></span> <span class='ocrx_word' id='word_1_444' title='bbox 2011 4405 2043 4463; x_wconf 86' lang='lat' dir='ltr'><strong>G.</strong></span> <span class='ocrx_word' id='word_1_445' title='bbox 2062 4407 2223 4483; x_wconf 51' lang='lat' dir='ltr'><strong>Souppium,</strong></span> 
     </span>
     <span class='ocr_line' id='line_1_37' title="bbox 408 4489 2215 4566; baseline -0.001 -16"><span class='ocrx_word' id='word_1_446' title='bbox 408 4497 425 4552; x_wconf 91' lang='lat' dir='ltr'><strong>l.</strong></span> <span class='ocrx_word' id='word_1_447' title='bbox 444 4498 462 4553; x_wconf 95' lang='lat' dir='ltr'><strong>l.</strong></span> <span class='ocrx_word' id='word_1_448' title='bbox 480 4513 526 4566; x_wconf 86' lang='lat' dir='ltr'><strong>pg.</strong></span> <span class='ocrx_word' id='word_1_449' title='bbox 544 4493 605 4560; x_wconf 83' lang='lat' dir='ltr'><strong>XL,</strong></span> <span class='ocrx_word' id='word_1_450' title='bbox 623 4495 652 4553; x_wconf 82' lang='lat' dir='ltr'><strong>O.</strong></span> <span class='ocrx_word' id='word_1_451' title='bbox 670 4495 830 4565; x_wconf 78' lang='lat' dir='ltr'><strong>Millerum,</strong></span> <span class='ocrx_word' id='word_1_452' title='bbox 848 4494 944 4566; x_wconf 81' lang='lat' dir='ltr'><strong>l&#39;rsgm.</strong></span> <span class='ocrx_word' id='word_1_453' title='bbox 960 4494 1025 4551; x_wconf 82' lang='lat' dir='ltr'><strong>hist.</strong></span> <span class='ocrx_word' id='word_1_454' title='bbox 1039 4510 1081 4564; x_wconf 84' lang='lat' dir='ltr'><strong>gr.</strong></span> <span class='ocrx_word' id='word_1_455' title='bbox 1094 4492 1142 4548; x_wconf 82' lang='lat' dir='ltr'><strong>IV.</strong></span> <span class='ocrx_word' id='word_1_456' title='bbox 1157 4497 1263 4549; x_wconf 57' lang='grc'><strong>611-</strong></span> <span class='ocrx_word' id='word_1_457' title='bbox 1281 4491 1314 4546; x_wconf 65' lang='lat' dir='ltr'>A</span> <span class='ocrx_word' id='word_1_458' title='bbox 1329 4489 1515 4560; x_wconf 82' lang='lat' dir='ltr'><strong>Graelenhan,</strong></span> <span class='ocrx_word' id='word_1_459' title='bbox 1528 4490 1623 4560; x_wconf 87' lang='lat' dir='ltr'><strong>gesch.</strong></span> <span class='ocrx_word' id='word_1_460' title='bbox 1638 4491 1688 4545; x_wconf 87' lang='lat' dir='ltr'><strong>der</strong></span> <span class='ocrx_word' id='word_1_461' title='bbox 1700 4490 1779 4548; x_wconf 87' lang='lat' dir='ltr'><strong>class.</strong></span> <span class='ocrx_word' id='word_1_462' title='bbox 1793 4491 1945 4562; x_wconf 87' lang='lat' dir='ltr'><strong>philologis</strong></span> <span class='ocrx_word' id='word_1_463' title='bbox 1958 4491 1993 4546; x_wconf 88' lang='lat' dir='ltr'><strong>ll.</strong></span> <span class='ocrx_word' id='word_1_464' title='bbox 2009 4497 2057 4547; x_wconf 73' lang='lat' dir='ltr'><strong>rat</strong></span> <span class='ocrx_word' id='word_1_465' title='bbox 2072 4511 2142 4564; x_wconf 72' lang='lat' dir='ltr'><strong>sqq,</strong></span> <span class='ocrx_word' id='word_1_466' title='bbox 2155 4499 2215 4549; x_wconf 79' lang='lat'><strong>39⁶.</strong></span> 
     </span>
    </p>

    <p class='ocr_par' dir='ltr' id='par_1_9' title="bbox 409 4575 2215 4826">
     <span class='ocr_line' id='line_1_38' title="bbox 565 4575 2214 4652; baseline -0.002 -15"><span class='ocrx_word' id='word_1_467' title='bbox 565 4584 591 4650; x_wconf 82' lang='lat'><strong>³)</strong></span> <span class='ocrx_word' id='word_1_468' title='bbox 609 4582 671 4638; x_wconf 85' lang='lat' dir='ltr'><strong>Hoc</strong></span> <span class='ocrx_word' id='word_1_469' title='bbox 676 4583 736 4652; x_wconf 87' lang='lat' dir='ltr'><strong>jam</strong></span> <span class='ocrx_word' id='word_1_470' title='bbox 743 4581 981 4638; x_wconf 85' lang='lat' dir='ltr'><strong>mouentNitsehe</strong></span> <span class='ocrx_word' id='word_1_471' title='bbox 990 4581 1009 4636; x_wconf 94' lang='lat' dir='ltr'><strong>l.</strong></span> <span class='ocrx_word' id='word_1_472' title='bbox 1018 4582 1036 4639; x_wconf 93' lang='lat' dir='ltr'><strong>l.</strong></span> <span class='ocrx_word' id='word_1_473' title='bbox 1046 4585 1079 4634; x_wconf 78' lang='grc'><strong>39</strong></span> <span class='ocrx_word' id='word_1_474' title='bbox 1089 4586 1119 4636; x_wconf 89' lang='lat' dir='ltr'><strong>et</strong></span> <span class='ocrx_word' id='word_1_475' title='bbox 1127 4579 1457 4636; x_wconf 84' lang='lat' dir='ltr'><strong>Buechsensehuetanor.</strong></span> <span class='ocrx_word' id='word_1_476' title='bbox 1464 4595 1529 4634; x_wconf 88' lang='lat' dir='ltr'><strong>ann.</strong></span> <span class='ocrx_word' id='word_1_477' title='bbox 1537 4575 1605 4647; x_wconf 89' lang='lat' dir='ltr'><strong>phil.</strong></span> <span class='ocrx_word' id='word_1_478' title='bbox 1616 4583 1676 4648; x_wconf 83' lang='lat' dir='ltr'><strong>tos,</strong></span> <span class='ocrx_word' id='word_1_479' title='bbox 1685 4581 1745 4642; x_wconf 70' lang='lat' dir='ltr'><strong>iti,</strong></span> <span class='ocrx_word' id='word_1_480' title='bbox 1755 4577 1905 4634; x_wconf 86' lang='lat' dir='ltr'><strong>Groaserus</strong></span> <span class='ocrx_word' id='word_1_481' title='bbox 1915 4583 2008 4634; x_wconf 85' lang='lat' dir='ltr'><strong>tamen</strong></span> <span class='ocrx_word' id='word_1_482' title='bbox 2014 4584 2176 4649; x_wconf 84' lang='lat' dir='ltr'><strong>perseverat</strong></span> <span class='ocrx_word' id='word_1_483' title='bbox 2185 4581 2214 4634; x_wconf 88' lang='lat' dir='ltr'><strong>in</strong></span> 
     </span>
     <span class='ocr_line' id='line_1_39' title="bbox 409 4663 2215 4738; baseline -0.002 -14"><span class='ocrx_word' id='word_1_484' title='bbox 409 4667 572 4725; x_wconf 86' lang='lat' dir='ltr'><strong>affirmando</strong></span> <span class='ocrx_word' id='word_1_485' title='bbox 585 4673 659 4736; x_wconf 86' lang='lat' dir='ltr'><strong>(nov.</strong></span> <span class='ocrx_word' id='word_1_486' title='bbox 673 4685 737 4725; x_wconf 84' lang='lat' dir='ltr'><strong>ann.</strong></span> <span class='ocrx_word' id='word_1_487' title='bbox 751 4667 821 4738; x_wconf 87' lang='lat' dir='ltr'><strong>phil.</strong></span> <span class='ocrx_word' id='word_1_488' title='bbox 834 4673 892 4737; x_wconf 77' lang='lat'><strong>105,</strong></span> <span class='ocrx_word' id='word_1_489' title='bbox 907 4672 984 4735; x_wconf 69' lang='lat' dir='ltr'><strong>ml:</strong></span> <span class='ocrx_word' id='word_1_490' title='bbox 1005 4683 1053 4736; x_wconf 87' lang='lat' dir='ltr'><strong>„es</strong></span> <span class='ocrx_word' id='word_1_491' title='bbox 1066 4667 1104 4721; x_wconf 85' lang='lat' dir='ltr'><strong>ist</strong></span> <span class='ocrx_word' id='word_1_492' title='bbox 1117 4666 1305 4738; x_wconf 85' lang='lat' dir='ltr'><strong>ausgemaeht,</strong></span> <span class='ocrx_word' id='word_1_493' title='bbox 1325 4665 1391 4720; x_wconf 81' lang='lat' dir='ltr'><strong>daea</strong></span> <span class='ocrx_word' id='word_1_494' title='bbox 1410 4667 1454 4720; x_wconf 79' lang='lat' dir='ltr'><strong>dis</strong></span> <span class='ocrx_word' id='word_1_495' title='bbox 1466 4665 1579 4735; x_wconf 67' lang='lat' dir='ltr'><strong>semiper</strong></span> <span class='ocrx_word' id='word_1_496' title='bbox 1593 4666 1766 4719; x_wconf 78' lang='lat' dir='ltr'><strong>bedenteaden</strong></span> <span class='ocrx_word' id='word_1_497' title='bbox 1779 4669 1865 4719; x_wconf 79' lang='lat' dir='ltr'><strong>werke</strong></span> <span class='ocrx_word' id='word_1_498' title='bbox 1878 4681 1931 4720; x_wconf 84' lang='lat' dir='ltr'><strong>ron</strong></span> <span class='ocrx_word' id='word_1_499' title='bbox 1946 4663 1998 4721; x_wconf 84' lang='lat' dir='ltr'><strong>der</strong></span> <span class='ocrx_word' id='word_1_500' title='bbox 2010 4668 2215 4736; x_wconf 77' lang='lat' dir='ltr'><strong>epitomatorem</strong></span> 
     </span>
     <span class='ocr_line' id='line_1_40' title="bbox 412 4751 1538 4826; baseline -0.002 -17"><span class='ocrx_word' id='word_1_501' title='bbox 412 4754 562 4825; x_wconf 81' lang='lat' dir='ltr'><strong>thitigkeit</strong></span> <span class='ocrx_word' id='word_1_502' title='bbox 580 4753 754 4824; x_wconf 84' lang='lat' dir='ltr'><strong>keineswegs</strong></span> <span class='ocrx_word' id='word_1_503' title='bbox 772 4753 1002 4826; x_wconf 87' lang='lat' dir='ltr'><strong>ausgesehlossen</strong></span> <span class='ocrx_word' id='word_1_504' title='bbox 1019 4753 1160 4810; x_wconf 88' lang='lat' dir='ltr'><strong>blieben.“</strong></span> <span class='ocrx_word' id='word_1_505' title='bbox 1181 4784 1209 4794; x_wconf 96' lang='lat'>-</span> <span class='ocrx_word' id='word_1_506' title='bbox 1231 4752 1281 4806; x_wconf 80' lang='lat' dir='ltr'><strong>eir.</strong></span> <span class='ocrx_word' id='word_1_507' title='bbox 1298 4751 1406 4807; x_wconf 83' lang='lat' dir='ltr'><strong>Haenel</strong></span> <span class='ocrx_word' id='word_1_508' title='bbox 1422 4752 1442 4806; x_wconf 93' lang='lat' dir='ltr'><strong>l.</strong></span> <span class='ocrx_word' id='word_1_509' title='bbox 1459 4752 1478 4806; x_wconf 93' lang='lat' dir='ltr'><strong>l.</strong></span> <span class='ocrx_word' id='word_1_510' title='bbox 1496 4756 1538 4807; x_wconf 76' lang='grc'><strong>36.</strong></span> 
     </span>
    </p>

    <p class='ocr_par' dir='ltr' id='par_1_10' title="bbox 566 4835 2036 4910">
     <span class='ocr_line' id='line_1_41' title="bbox 566 4835 2036 4910; baseline 0 -16"><span class='ocrx_word' id='word_1_511' title='bbox 566 4843 591 4906; x_wconf 79' lang='lat'><strong>⁴)</strong></span> <span class='ocrx_word' id='word_1_512' title='bbox 610 4839 717 4894; x_wconf 89' lang='lat' dir='ltr'><strong>hlirum</strong></span> <span class='ocrx_word' id='word_1_513' title='bbox 734 4839 804 4894; x_wconf 91' lang='lat' dir='ltr'><strong>mihi</strong></span> <span class='ocrx_word' id='word_1_514' title='bbox 821 4841 945 4909; x_wconf 78' lang='lat' dir='ltr'><strong>videbar,</strong></span> <span class='ocrx_word' id='word_1_515' title='bbox 964 4840 999 4895; x_wconf 83' lang='lat' dir='ltr'><strong>de</strong></span> <span class='ocrx_word' id='word_1_516' title='bbox 1017 4841 1061 4895; x_wconf 86' lang='lat' dir='ltr'><strong>his</strong></span> <span class='ocrx_word' id='word_1_517' title='bbox 1079 4840 1237 4910; x_wconf 80' lang='lat' dir='ltr'><strong>talibusque</strong></span> <span class='ocrx_word' id='word_1_518' title='bbox 1255 4855 1322 4908; x_wconf 83' lang='lat' dir='ltr'><strong>quas</strong></span> <span class='ocrx_word' id='word_1_519' title='bbox 1340 4837 1467 4892; x_wconf 81' lang='lat' dir='ltr'><strong>norimus</strong></span> <span class='ocrx_word' id='word_1_520' title='bbox 1484 4836 1614 4906; x_wconf 88' lang='lat' dir='ltr'><strong>epitomis</strong></span> <span class='ocrx_word' id='word_1_521' title='bbox 1632 4835 1801 4905; x_wconf 73' lang='lat' dir='ltr'><strong>Cyprianus</strong></span> <span class='ocrx_word' id='word_1_522' title='bbox 1819 4836 1902 4905; x_wconf 85' lang='lat' dir='ltr'><strong>plane</strong></span> <span class='ocrx_word' id='word_1_523' title='bbox 1919 4836 2036 4895; x_wconf 79' lang='lat' dir='ltr'><strong>tacere&#39;</strong></span> 
     </span>
    </p>

    <p class='ocr_par' dir='ltr' id='par_1_11' title="bbox 372 4925 2216 5083">
     <span class='ocr_line' id='line_1_42' title="bbox 565 4925 1493 4998; baseline -0.002 -18"><span class='ocrx_word' id='word_1_524' title='bbox 565 4927 590 4994; x_wconf 78' lang='lat'><strong>⁸)</strong></span> <span class='ocrx_word' id='word_1_525' title='bbox 610 4925 685 4998; x_wconf 82' lang='lat' dir='ltr'><strong>qnod</strong></span> <span class='ocrx_word' id='word_1_526' title='bbox 704 4927 816 4998; x_wconf 87' lang='lat' dir='ltr'><strong>quidem</strong></span> <span class='ocrx_word' id='word_1_527' title='bbox 835 4925 971 4982; x_wconf 82' lang='lat' dir='ltr'><strong>Grossero</strong></span> <span class='ocrx_word' id='word_1_528' title='bbox 988 4943 1044 4982; x_wconf 91' lang='lat' dir='ltr'><strong>non</strong></span> <span class='ocrx_word' id='word_1_529' title='bbox 1063 4926 1184 4994; x_wconf 83' lang='lat' dir='ltr'><strong>videtur,</strong></span> <span class='ocrx_word' id='word_1_530' title='bbox 1203 4925 1253 4981; x_wconf 87' lang='lat' dir='ltr'><strong>cfr.</strong></span> <span class='ocrx_word' id='word_1_531' title='bbox 1270 4941 1365 4996; x_wconf 82' lang='lat' dir='ltr'><strong>progr.</strong></span> <span class='ocrx_word' id='word_1_532' title='bbox 1384 4931 1415 4979; x_wconf 88' lang='lat'><strong>11</strong></span> <span class='ocrx_word' id='word_1_533' title='bbox 1434 4941 1493 4994; x_wconf 88' lang='lat' dir='ltr'><strong>sqq.</strong></span> 
     </span>
     <span class='ocr_line' id='line_1_43' title="bbox 372 5007 2216 5083; baseline -0.002 -15"><span class='ocrx_word' id='word_1_534' title='bbox 372 5067 375 5076; x_wconf 81' lang='grc'>,</span> <span class='ocrx_word' id='word_1_535' title='bbox 565 5013 590 5077; x_wconf 71' lang='lat' dir='ltr'><strong>&#39;J</strong></span> <span class='ocrx_word' id='word_1_536' title='bbox 610 5014 736 5068; x_wconf 82' lang='lat' dir='ltr'><strong>Auctore</strong></span> <span class='ocrx_word' id='word_1_537' title='bbox 754 5012 889 5068; x_wconf 85' lang='lat' dir='ltr'><strong>Grosssro</strong></span> <span class='ocrx_word' id='word_1_538' title='bbox 907 5019 1013 5083; x_wconf 84' lang='lat' dir='ltr'><strong>(progr.</strong></span> <span class='ocrx_word' id='word_1_539' title='bbox 1030 5017 1058 5080; x_wconf 86' lang='grc'><strong>8)</strong></span> <span class='ocrx_word' id='word_1_540' title='bbox 1076 5011 1186 5082; x_wconf 64' lang='grc' dir='ltr'><strong>Βοκεὶκ,</strong></span> <span class='ocrx_word' id='word_1_541' title='bbox 1205 5011 1240 5068; x_wconf 84' lang='lat' dir='ltr'><strong>de</strong></span> <span class='ocrx_word' id='word_1_542' title='bbox 1257 5015 1358 5066; x_wconf 86' lang='lat' dir='ltr'><strong>natura</strong></span> <span class='ocrx_word' id='word_1_543' title='bbox 1374 5011 1522 5065; x_wconf 87' lang='lat' dir='ltr'><strong>latinitatis</strong></span> <span class='ocrx_word' id='word_1_544' title='bbox 1539 5009 1729 5078; x_wconf 87' lang='lat' dir='ltr'><strong>Justinianae,</strong></span> <span class='ocrx_word' id='word_1_545' title='bbox 1748 5007 1969 5064; x_wconf 78' lang='lat' dir='ltr'><strong>Hermannstarlt</strong></span> <span class='ocrx_word' id='word_1_546' title='bbox 1987 5014 2070 5080; x_wconf 80' lang='grc'>1865,</span> <span class='ocrx_word' id='word_1_547' title='bbox 2086 5010 2216 5079; x_wconf 83' lang='lat' dir='ltr'><strong>probarit</strong></span> 
     </span>
    </p>

    <p class='ocr_par' dir='ltr' id='par_1_12' title="bbox 408 5095 2215 5168">
     <span class='ocr_line' id='line_1_44' title="bbox 408 5095 2215 5168; baseline -0.002 -16"><span class='ocrx_word' id='word_1_548' title='bbox 408 5097 570 5166; x_wconf 56' lang='lat' dir='ltr'><strong>‚ansanum</strong></span> <span class='ocrx_word' id='word_1_549' title='bbox 595 5100 625 5154; x_wconf 91' lang='lat' dir='ltr'><strong>in</strong></span> <span class='ocrx_word' id='word_1_550' title='bbox 651 5097 827 5153; x_wconf 83' lang='lat' dir='ltr'><strong>conficiendo</strong></span> <span class='ocrx_word' id='word_1_551' title='bbox 855 5099 935 5154; x_wconf 84' lang='lat' dir='ltr'><strong>brevi</strong></span> <span class='ocrx_word' id='word_1_552' title='bbox 961 5099 1142 5154; x_wconf 88' lang='lat' dir='ltr'><strong>historiarum</strong></span> <span class='ocrx_word' id='word_1_553' title='bbox 1159 5097 1391 5168; x_wconf 82' lang='lat' dir='ltr'><strong>Pempsjauerum</strong></span> <span class='ocrx_word' id='word_1_554' title='bbox 1417 5095 1583 5166; x_wconf 88' lang='lat' dir='ltr'><strong>corpusculo</strong></span> <span class='ocrx_word' id='word_1_555' title='bbox 1607 5100 1745 5152; x_wconf 73' lang='lat' dir='ltr'><strong>nonnullas</strong></span> <span class='ocrx_word' id='word_1_556' title='bbox 1768 5099 1854 5164; x_wconf 78' lang='lat' dir='ltr'><strong>operis</strong></span> <span class='ocrx_word' id='word_1_557' title='bbox 1876 5098 1967 5167; x_wconf 71' lang='lat' dir='ltr'><strong>mapsa·</strong></span> <span class='ocrx_word' id='word_1_558' title='bbox 1987 5103 2078 5164; x_wconf 80' lang='lat' dir='ltr'><strong>partes</strong></span> <span class='ocrx_word' id='word_1_559' title='bbox 2101 5098 2215 5168; x_wconf 71' lang='lat' dir='ltr'><strong>integras</strong></span> 
     </span>
    </p>

    <p class='ocr_par' dir='ltr' id='par_1_13' title="bbox 407 5181 2214 5331">
     <span class='ocr_line' id='line_1_45' title="bbox 407 5181 2214 5256; baseline -0.001 -19"><span class='ocrx_word' id='word_1_560' title='bbox 407 5199 533 5238; x_wconf 76' lang='lat' dir='ltr'><strong>semasse</strong></span> <span class='ocrx_word' id='word_1_561' title='bbox 551 5187 636 5254; x_wconf 87' lang='lat' dir='ltr'><strong>etc.“,</strong></span> <span class='ocrx_word' id='word_1_562' title='bbox 664 5201 718 5256; x_wconf 88' lang='lat' dir='ltr'><strong>qua</strong></span> <span class='ocrx_word' id='word_1_563' title='bbox 735 5201 766 5239; x_wconf 89' lang='lat' dir='ltr'><strong>rs</strong></span> <span class='ocrx_word' id='word_1_564' title='bbox 784 5182 915 5256; x_wconf 88' lang='lat' dir='ltr'><strong>equidem</strong></span> <span class='ocrx_word' id='word_1_565' title='bbox 933 5185 1054 5254; x_wconf 77' lang='lat' dir='ltr'><strong>relator,</strong></span> <span class='ocrx_word' id='word_1_566' title='bbox 1072 5185 1096 5239; x_wconf 89' lang='lat' dir='ltr'><strong>si</strong></span> <span class='ocrx_word' id='word_1_567' title='bbox 1114 5183 1190 5254; x_wconf 83' lang='lat' dir='ltr'><strong>qnod</strong></span> <span class='ocrx_word' id='word_1_568' title='bbox 1205 5185 1304 5254; x_wconf 90' lang='lat' dir='ltr'><strong>ignoro</strong></span> <span class='ocrx_word' id='word_1_569' title='bbox 1323 5187 1353 5237; x_wconf 88' lang='lat' dir='ltr'><strong>et</strong></span> <span class='ocrx_word' id='word_1_570' title='bbox 1369 5183 1444 5254; x_wconf 82' lang='lat' dir='ltr'><strong>quod</strong></span> <span class='ocrx_word' id='word_1_571' title='bbox 1468 5181 1586 5239; x_wconf 86' lang='lat' dir='ltr'><strong>Grosser</strong></span> <span class='ocrx_word' id='word_1_572' title='bbox 1603 5199 1659 5238; x_wconf 91' lang='lat' dir='ltr'><strong>non</strong></span> <span class='ocrx_word' id='word_1_573' title='bbox 1676 5181 1803 5253; x_wconf 82' lang='lat' dir='ltr'><strong>addidit,</strong></span> <span class='ocrx_word' id='word_1_574' title='bbox 1826 5181 1921 5238; x_wconf 80' lang='lat' dir='ltr'><strong>Rozelr</strong></span> <span class='ocrx_word' id='word_1_575' title='bbox 1939 5181 2024 5238; x_wconf 89' lang='lat' dir='ltr'><strong>certis</strong></span> <span class='ocrx_word' id='word_1_576' title='bbox 2043 5182 2214 5252; x_wconf 79' lang='lat' dir='ltr'><strong>argumentis</strong></span> 
     </span>
     <span class='ocr_line' id='line_1_46' title="bbox 408 5269 1805 5331; baseline 0.001 -7"><span class='ocrx_word' id='word_1_577' title='bbox 408 5271 577 5326; x_wconf 87' lang='lat' dir='ltr'><strong>senteutiam</strong></span> <span class='ocrx_word' id='word_1_578' title='bbox 594 5269 725 5331; x_wconf 59' lang='lat' dir='ltr'><strong>&amp;merit</strong></span> <span class='ocrx_word' id='word_1_579' title='bbox 1801 5289 1805 5300; x_wconf 90' lang='lat'><strong>·</strong></span> 
     </span>
    </p>
   </div>
   <div class='ocr_carea' id='block_1_6' title="bbox 0 0 2414 6086">
    <p class='ocr_par' dir='ltr' id='par_1_14' title="bbox 0 0 2414 6086">
     <span class='ocr_line' id='line_1_47' title="bbox 0 0 2414 6086; baseline 0 0"><span class='ocrx_word' id='word_1_580' title='bbox 0 0 2414 6086; x_wconf 95' lang='lat' dir='ltr'><strong> </strong></span> 
     </span>
    </p>
   </div>
  </div>
 </body>
</html>
