4820 6094
1114 515 1136 580 5

220 723 404 812 intelligere
426 745 491 790 non
513 724 592 788 satie
613 744 784 812 possumus
807 745 853 816 ex·
871 723 930 806 eie,
953 743 1036 808 quae
1057 745 1146 788 nuno
1166 730 1354 805 supersunt3
1385 743 1449 808 quo
1472 724 1569 786 etiam
1592 722 1713 788 factum
1742 732 1807 802 est,
1838 733 1873 790 ut
1903 726 1936 789 in
1966 725 2028 790 hoc
2100 801 2111 816 ρ

221 827 306 894 libro
328 825 565 915 Xenophontis,
588 827 630 892 ab
653 827 794 914 antiquis
816 826 965 891 omnibus
986 824 1110 891 laudati
1133 824 1175 890 ob
1197 825 1364 912 σαφήνειαν
1391 832 1440 892 καὶ
1468 827 1666 913 καθαρότητα
1693 826 1847 911 legantur
1875 830 2027 914 permulti

221 928 286 995 loci
309 931 364 1017 qui
385 929 471 995 male
493 928 616 995 habent
638 939 671 996 et
690 929 867 1013 verborum
891 928 1059 994 collocatio
1083 939 1115 995 et
1137 929 1369 993 sententiarum
1401 929 1587 1015 conjunctio
1616 927 1743 1016 aliaque
1772 933 1800 996 si
1829 941 2026 1018 spectantur.

222 1032 443 1121 Neglegenter
466 1034 562 1098 etiam
587 1042 619 1098 et
641 1055 755 1121 parum
779 1043 930 1098 accurate
953 1031 1143 1120 plerumque
1174 1032 1240 1118 egit
1268 1031 1510 1116 epitomator¹),
1540 1031 1596 1118 qui
1622 1032 1739 1098 multos
1768 1033 1855 1099 locos
1883 1035 2028 1104 reddidit

222 1136 443 1218 brevissimos,
466 1137 539 1204 aliis
562 1147 675 1204 contra
696 1138 766 1204 lere
789 1138 843 1220 „in
867 1143 1025 1201 extenso“
1048 1137 1182 1202 retinuit
1202 1134 1306 1200 verba
1322 1125 1343 1199 a
1359 1133 1577 1220 Xenophonte
1595 1137 1718 1222 scripta
1734 1136 1767 1200 in
1788 1159 1887 1224 opere
1904 1141 2026 1220 vero.²)

377 1240 570 1328 Complures
588 1242 658 1328 jam
682 1240 830 1305 homines
853 1239 940 1305 docti
963 1239 1046 1304 hano
1069 1239 1297 1317 sententiam³)
1325 1237 1520 1304 refutabant.
1566 1237 1617 1301 De
1642 1237 1798 1326 Cypriani
1824 1241 1933 1308 libello
1956 1265 2027 1308 sen-

222 1344 342 1409 tentias
370 1342 515 1409 tulerunt
543 1345 614 1409 Em.
647 1344 707 1410 Mr.
738 1341 911 1426 (Aemilius
941 1341 1105 1422 Mitllertl)
1135 1354 1168 1408 et
1196 1341 1297 1406 fusius
1326 1338 1492 1428 popularis
1522 1345 1770 1431 Πανταζλόηςὸ),
1795 1355 2025 1432 contraquam

222 1447 331 1513 denuo
348 1445 455 1512 thesin
469 1449 668 1534 propositam
687 1445 871 1533 Cyprianus
889 1445 1070 1511 sustinebat
1086 1447 1245 1534 novisque
1263 1447 1461 1530 argumentis
1478 1443 1718 1526 defendebatll.
1749 1447 1880 1512 Deinde
1898 1461 2028 1535 praeter

224 1549 263 1616 G.
287 1551 466 1638 Sauppium
495 1562 529 1616 ct
550 1549 749 1616 Hertlinium
773 1547 843 1636 jam
866 1548 1015 1615 laudatos
1037 1550 1124 1616 Guil.
1152 1549 1316 1634 Meyer-⁷),
1347 1547 1386 1612 B.
1415 1547 1768 1630 Buechsenachuetzlt,
1801 1549 1833 1615 J.
1856 1551 2026 1637 Haenelll,

220 1653 258 1718 L.
270 1652 505 1719 Breitenbach¹
516 1657 545 1735 ⁰)
558 1655 752 1720 sententiam
762 1652 853 1718 illam
865 1651 979 1718 falsam
991 1653 1130 1740 probare
1141 1651 1324 1731 studebant,
1344 1673 1416 1716 cum
1430 1653 1526 1716 etiam
1538 1652 1578 1719 A.
1591 1650 1810 1734 Sohaefer11),
1828 1655 1977 1722 Nitschc¹
1988 1659 2026 1737 2),

222 1753 460 1840 Beckhaus¹³),
489 1757 547 1822 alii
574 1779 645 1824 eam
669 1758 852 1845 rejicerent.
876 1795 918 1812 *-
947 1757 1014 1824 Sed
1042 1779 1115 1822 cum
1138 1755 1186 1821 illi
1208 1764 1242 1821 et
1262 1776 1326 1819 non
1350 1755 1459 1819 omnia
1479 1755 1689 1841 protulerint,
1712 1757 1830 1843 quibus
1853 1758 1935 1826 haec
1957 1785 2027 1826 sen·

221 1861 327 1926 tentia
348 1861 442 1948 rejici
464 1882 560 1948 posse
583 1861 662 1926 mihi
684 1859 836 1926 videatur
858 1870 891 1925 et
912 1859 1069 1926 nonnulla
1091 1861 1197 1925 minus
1218 1868 1306 1924 reete
1330 1857 1582 1944 disputaverint,
1605 1869 1638 1925 et
1660 1881 1731 1924 cum
1757 1861 1915 1929 Grossero
1949 1887 2027 1930 non·

223 1963 300 2029 dum
329 1984 518 2052 persuasum
549 1967 607 2046 sit,
629 1963 743 2029 falsam
773 1985 844 2030 esse
873 1962 961 2030 illam
984 1963 1111 2043 thesim,
1134 1965 1256 2050 quippe
1279 1964 1335 2049 qui
1357 1964 1455 2028 etiam
1479 1985 1549 2026 earn
1572 1965 1731 2028 sustineat
1752 1973 1786 2030 et
1807 1965 2026 2050 defendam),

223 2089 289 2134 non
310 2067 426 2132 inutile
447 2068 598 2154 equidem
622 2066 763 2146 credidi,
789 2077 889 2132 totam
912 2069 1132 2153 quaestionem
1153 2075 1345 2146 retractare,
1375 2075 1471 2152 atque
1494 2088 1534 2130 ea
1555 2068 1716 2152 prolerre,
1738 2068 1857 2155 quibus
1879 2070 1936 2135 illa
1957 2095 2028 2136 sen·

223 2171 327 2236 tentia
355 2170 489 2234 refutari
516 2193 611 2258 posse
640 2169 720 2236 mihi
749 2171 913 2248 videatur,
944 2171 1049 2236 obiter
1077 2181 1187 2238 tamen
1216 2172 1362 2236 tractatis
1391 2171 1455 2251 eis,
1483 2192 1565 2256 quae
1590 2171 1660 2256 jarn
1683 2171 1725 2235 ab
1755 2170 1820 2236 illis
1842 2173 2026 2241 hominibus

223 2273 327 2338 doctis
353 2283 442 2339 recte
471 2274 635 2360 disputata
664 2277 739 2341 sint.
783 2274 834 2338 lta
856 2295 951 2360 spero
981 2297 1032 2338 me
1061 2285 1282 2342 assecuturum
1312 2294 1401 2353 esse,
1430 2283 1465 2336 ut
1495 2277 1522 2337 si
1547 2276 1652 2339 minus
1671 2273 1882 2356 Grossero¹⁵)
1910 2282 2026 2344 ceteris

223 2386 332 2442 nmen
354 2376 539 2452 hominibus
562 2378 664 2444 doctis
686 2376 936 2464 persuadeatur,
965 2379 1176 2465 Xenophontis
1196 2377 1362 2443 Hellaaioo
1383 2378 1508 2463 integra
1530 2378 1564 2441 ia
1586 2377 1747 2444 codicibus
1768 2377 1910 2446 cohiberi
1932 2405 2026 2470 usqae

224 2480 415 2568 neglegenter
435 2483 471 2546 ia
491 2483 642 2568 spitonm
664 2491 782 2548 coacto.
922 2552 927 2572 Ι

375 2583 639 2671 Disputationem
675 2607 781 2650 rusam
817 2586 863 2650 ita
896 2583 1127 2650 instituendam
1162 2606 1233 2648 esse
1266 2607 1336 2648 sum
1370 2596 1476 2666 ratus,
1512 2595 1548 2648 ut
1580 2585 1720 2672 primum
1762 2607 1802 2649 ea
1835 2599 2026 2674 argumenta

381 2795 404 2861 1)
423 2793 471 2862 qui
488 2799 583 2848 tamen
601 2793 663 2847 aliis
681 2793 750 2846 loeis
769 2823 801 2833 -
815 2794 916 2848 mirum
934 2794 965 2847 in
982 2793 1095 2848 modurn
1114 2823 1146 2837 -
1164 2807 1271 2846 summa
1288 2795 1349 2846 arte
1366 2791 1480 2846 lacunas
1499 2791 1655 2845 occuluisse
1680 2791 1798 2847 dicitur:
1825 2792 1957 2864 Grosser,
1983 2801 2024 2864 03,

224 2884 290 2947 784;
309 2881 389 2950 Cypr.
407 2885 455 2934 44:
475 2881 540 2943 loce
556 2886 633 2952 φανῇ
650 2887 709 2943 τοῖς
726 2879 914 2950 decessissem
930 2879 1100 2952 παράδοξον,
1118 2883 1177 2942 πῶς
1195 2875 1338 2946 increpate
1363 2877 1451 2948 ἔχων
1469 2877 1582 2949 τόσην
1599 2877 1731 2950 τέχνην
1754 2879 1820 2942 olere
1846 2878 1956 2950 διέφυγε
1981 2902 2024 2939 το-

224 2973 325 3024 σοῦτον
341 2965 442 3037 χρόνον
458 2971 511 3034 τῆν
527 2971 667 3036 ποοσοχῆν
685 2971 740 3021 τῶν
758 2971 852 3036 σοφῶν
869 2966 979 3035 ἀνδρῶν
996 2971 1162 3022 καλεῖται
1180 2963 1313 3036 ἀμελής
1329 2968 1384 3019 κτλ.
1404 2993 1437 3004 -
1457 2964 1562 3019 Contra
1580 2963 1698 3019 Grosser
1716 2981 1779 3022 nor.
1797 2981 1862 3023 ann.
1883 2973 1945 3038 105,
1977 2975 2024 3024 26:

224 3053 287 3122 „ein
304 3050 518 3123 ungesohiclrter
535 3051 729 3120 epitomator.“

380 3143 406 3206 ²)
420 3137 500 3208 Cypr.
520 3155 547 3206 p.
574 3143 617 3195 45.
643 3137 715 3192 όιότι
740 3135 818 3206 παρὰ
841 3143 903 3201 ταῖς
926 3145 1036 3209 μικραῖς
1061 3137 1107 3196 καλ
1133 3116 1310 3206 κεκομμένόις
1335 3135 1475 3205 περιόδοις
1501 3137 1627 3192 ἵστανται
1653 3142 1866 3208 μεγαλοπρεπεῖς
1892 3139 1938 3194 ael
1964 3143 2026 3196 λίαν

223 3227 351 3300 τεχνικαί.
388 3222 818 3291 efr.Dittrieh-Fabriciue,l.1.
837 3229 896 3278 455.
1443 3245 1446 3254 .

380 3314 404 3378 ³)
423 3309 456 3365 G.
470 3311 607 3380 Ssuppius
621 3310 640 3365 l
654 3310 672 3366 l.
686 3308 916 3364 dissertationem
930 3309 1060 3379 Cypriani
1074 3307 1145 3362 dicit
1157 3306 1393 3379 „disputationem
1408 3309 1484 3362 omui
1498 3307 1659 3378 cognitione
1673 3308 1786 3380 dignam
1800 3314 1829 3364 et
1842 3309 2026 3381 adjudicium

223 3398 259 3452 de
277 3415 361 3468 opere
377 3397 584 3466 Xenophonteo
602 3395 761 3450 laciendum
779 3397 904 3452 utilem“.
922 3427 953 3438 .-

379 3488 405 3550 ⁴)
424 3483 563 3552 Zarnclre,
581 3482 689 3536 literar.
708 3481 909 3548 Ceutralblatt,
929 3487 1011 3548 1860,
1029 3487 1062 3534 98
1081 3497 1140 3550 τοο.

381 3571 404 3636 ⁵)
422 3569 453 3622 in
478 3567 664 3638 ephemeridis
692 3585 824 3638 graecae,
849 3584 919 3638 quae
946 3569 1079 3636 Φιλλοιωρ
1096 3567 1232 3635 inscripta
1259 3569 1313 3636 est,
1337 3565 1391 3620 vol.
1410 3564 1445 3622 11.
1463 3583 1527 3636 pgg.
1546 3571 1580 3620 80
1598 3585 1657 3638 sqq.
1677 3571 1707 3621 et
1726 3573 1774 3622 107
1793 3587 1867 3640 sqq:
1892 3569 1954 3640 περὶ
1971 3577 2027 3626 τῶν

219 3655 381 3727 Ἑλληνικῶν
398 3661 449 3710 τοῦ
468 3657 649 3724 Ξενοφῶντος
667 3654 703 3711 ἂν
720 3655 790 3712 εἶναι
807 3653 879 3710 satir
896 3652 946 3709 τὸν
964 3651 1126 3723 Κοιιοιιινόν
1143 3651 1266 3722 introisti.
1569 3676 1573 3687 ¹

380 3741 405 3806 ⁶)
421 3740 491 3797 ibid.
510 3759 576 3812 pgg.
594 3745 644 3794 989
663 3759 719 3810 sqq.
738 3745 768 3794 et
785 3747 832 3794 151
853 3758 925 3810 sqq:
944 3739 1008 3810 περὶ
1024 3744 1080 3794 τῶν
1091 3739 1253 3810 Ἑλληνικῶν
1271 3745 1320 3796 τοῦ
1340 3742 1522 3810 Ξενοφῶντος
1538 3740 1609 3810 πρὸς
1628 3742 1831 3813 Housman!

379 3829 404 3895 τ)
423 3825 458 3880 de
476 3827 672 3898 Xenophontis
691 3827 899 3882 Helleuicorum
917 3826 1039 3880 auctoris
1056 3825 1112 3880 lide
1130 3829 1159 3878 et
1176 3842 1239 3894 usu,
1256 3825 1336 3880 Halis
1355 3829 1421 3878 1867
1440 3842 1504 3894 pag.
1524 3831 1548 3882 7.

381 3915 407 3982 8)
426 3913 615 3984 „Xenophons
634 3914 773 3968 hellanico
791 3913 847 3968 und
866 3912 1030 3969 Plutarch“:
1049 3930 1113 3969 nov.
1132 3929 1196 3966 ann.
1214 3911 1281 3980 phil.
1303 3917 1367 3978 103,
1386 3917 1437 3964 817
1456 3930 1516 3982 sqq.

379 4001 406 4068 9)
424 3999 570 4068 „Besitaen
588 4001 640 4054 wir
656 3991 1034 4068 Xenophou’s'Hellenisehe
1052 3998 1235 4070 geschichten
1252 4016 1307 4053 nur
1323 3999 1352 4053 in
1371 3993 1463 4054 eine‘m
1481 4002 1650 4070 auszugel‘,
1668 4017 1763 4070 progr.
1781 3999 1896 4056 Breslau
1915 4007 1991 4060 1878.

383 4085 641 4156 ¹⁰)'„Xenophon's
659 4085 819 4152 Hellenioa,
837 4085 944 4140 Diodor
961 4085 1019 4140 und
1036 4085 1200 4154 Plutarch,“
1217 4085 1259 4140 rla
1277 4103 1346 4140 mus.
1365 4103 1429 4141 nov.
1447 4085 1563 4142 XXVII.
1582 4105 1645 4158 pag.
1663 4091 1714 4140 497
1732 4105 1791 4157 sqq.

382 4175 422 4239 ¹¹)
440 4189 504 4228 nov.
523 4189 587 4224 ann.
604 4170 672 4240 phil.
692 4177 756 4236 101,
776 4177 834 4224 588.

381 4259 422 4326 ¹²)
440 4246 534 4326 „liber
546 4259 591 4312 die
605 4257 756 4328 ablassung
768 4275 823 4312 von
836 4256 1009 4325 Xenophons
1027 4256 1199 4326 Hellenioa,“
1216 4256 1313 4311 Berlin
1332 4262 1397 4312 1871
1417 4276 1464 4328 pg.
1482 4266 1573 4330 381q.
1592 4261 1627 4315 de
1640 4277 1695 4330 quo
1712 4259 1809 4312 libello
1828 4258 1878 4314 cir.
1897 4257 2025 4314 Breiten·

223 4345 354 4401 bachium
371 4345 549 4414 „Zeitsohrilt
566 4345 609 4398 liar
626 4341 677 4396 das
696 4344 974 4412 Gymnasialwesen“,
994 4348 1057 4398 1871
1077 4361 1123 4416 pg.
1142 4349 1191 4398 717
1210 4361 1278 4414 sqq,
1296 4349 1326 4398 et
1342 4345 1377 4399 lt.
1390 4345 1596 4415 Jungmannum
1614 4344 1853 4416 „philologisoher
1869 4349 2026 4418 Anzeiger“

223 4432 251 4488 V
269 4437 359 4500 (1878)
376 4449 439 4502 pag.
461 4436 509 4484 139
527 4447 597 4500 sqq,
624 4447 741 4500 quorum
758 4431 839 4498 prior.
852 4431 952 4500 rejicit,
970 4432 1110 4500 posterior
1125 4430 1229 4499 probat
1245 4429 1366 4485 Nitschii
1384 4432 1553 4486 seutentiam
1570 4425 1638 4485 niihi
1657 4449 1765 4502 quoque
1783 4433 1938 4500 probatam,
1957 4434 2025 4487 duas

224 4535 286 4572 esse
310 4522 405 4587 partes
422 4516 645 4580 Hellenioorum,
671 4515 789 4584 quorum
813 4517 902 4571 altera
924 4519 1033 4586 priores
1051 4522 1170 4587 quatuor
1185 4516 1274 4571 libros
1300 4521 1330 4570 et
1346 4517 1436 4586 quinti
1454 4521 1539 4586 caput
1555 4517 1678 4586 primurn
1695 4518 1916 4587 complectatur,
1935 4519 2027 4573 altera

222 4605 338 4675 reliqua
373 4605 450 4658 Cfras
468 4605 553 4657 etiarn
572 4603 602 4658 0.
621 4601 869 4670 Schambachium,
888 4602 1159 4673 „Uetersuchungen
1176 4603 1248 4658 iiber
1263 4602 1434 4674 Xenophons
1452 4603 1632 4672 Hellenico“,
1655 4601 1721 4661 diss.
1740 4605 1833 4674 inaug.
1852 4605 1924 4660 Jena
1949 4608 2025 4668 1871,

224 4707 288 4760 pag.
305 4693 330 4744 7.
366 4689 529 4758 heresium,
548 4687 694 4757 „Xenoph
713 4688 785 4743 Hell.
804 4687 824 4742 1.
843 4687 900 4742 und
917 4687 970 4746 II.“
988 4689 1066 4759 Lych
1085 4693 1167 4758 1857,
1186 4706 1250 4760 pag.
1269 4696 1294 4743 8.

384 4777 424 4842 ¹³)
442 4774 617 4846 ,Xenophon
642 4775 694 4829 der
715 4775 833 4844 jdngere
856 4773 913 4828 uud
930 4774 1083 4842 Isocrates,
1113 4774 1181 4829 oder
1204 4777 1274 4830 fiber
1297 4774 1342 4832 die
1369 4775 1509 4832 unachten
1540 4774 1674 4830 schriltcn
1699 4777 1874 4848 Xenophons
1900 4776 1957 4830 und
1980 4775 2026 4830 die

224 4863 394 4920 Hellenioa“.
430 4862 451 4920 1.
469 4879 563 4932 progr.
581 4863 672 4918 Posen
693 4867 780 4930 ¹⁸³²(
791 4861 825 4918 ll.
844 4863 874 4916 in
892 4861 922 4916 Z.
941 4861 973 4918 G.
992 4861 1036 4918 W.
1057 4867 1123 4915 1878
1140 4877 1205 4931 pag.
1223 4867 1274 4916 885
1292 4879 1367 4932 sqq.;
1385 4861 1534 4930 praecipue
1552 4861 1601 4916 clr.
1619 4879 1665 4932 pg.
1686 4868 1737 4917 858
1755 4879 1816 4933 sqq.

382 4949 425 5014 Η)
444 4949 531 5014 „iiber
548 4949 610 5002 eine
628 4947 842 5001 muthmaszlich
865 4947 1011 5002 verlorene
1029 4945 1371 5016 Thukydides·epitome“,
1399 4965 1463 5002 nov.
1488 4965 1550 5006 ann.
1569 4948 1637 5018 phil.
1655 4953 1721 5014 105,
1745 4957 1778 5003 85
1797 4967 1854 5020 sq.;
1878 4948 2025 5017 „Plutarch

224 5033 282 5088 und
292 5033 632 5103 derilellenicaausaug“,
646 5033 713 5088 ibid.
729 5038 778 5086 788
792 5051 866 5104 τοο.)
884 5049 978 5104 progr.
989 5035 1102 5088 Barmen
1117 5039 1198 5100 1873;
1213 5034 1262 5090 clr.
1274 5035 1360 5088 etiam
1370 5047 1434 5089 nov.
1448 5049 1510 5088 aun.
1520 5034 1589 5104 phil.
1599 5039 1632 5090 99
1641 5053 1688 5106 pg.
1699 5039 1749 5090 193
1757 5053 1827 5105 sqq.;
1839 5039 1896 5100 101,
1906 5038 1956 5088 503
1967 5053 2025 5106 sqq.

383 5122 424 5186 Η)
442 5137 506 5174 nam
533 5121 631 5190 ,iones
652 5121 742 5172 aciem
758 5135 813 5174 von
837 5117 888 5172 dar
904 5117 1070 5174 nnechtheit
1086 5117 1137 5174 der
1152 5119 1291 5174 helleniea
1311 5120 1350 5174 ist
1366 5120 1414 5174 bei
1431 5119 1487 5174 mir
1503 5121 1598 5192 linget
1615 5138 1664 5175 zur
1681 5122 1788 5174 evidens
1806 5118 1960 5190 gediehen“
1983 5127 2026 5190 99,

226 5211 289 5276 788;
317 5204 368 5263 cir.
387 5211 452 5272 105,
478 5209 528 5259 tto
545 5210 650 5276 (progr.
668 5221 713 5274 pg.
733 5210 775 5272 1):
800 5204 864 5270 „die
890 5203 937 5260 bei
961 5205 1015 5259 mir
1040 5204 1134 5276 lingat
1150 5223 1199 5260 cur
1216 5205 1331 5260 aridem
1353 5203 1507 5275 gedieheus
1532 5205 1784 5277 auszugstheorie“.
1820 5205 1869 5260 cfr.
1893 5205 2024 5262 Dittrich·

225 5291 371 5347 Fabricius
389 5292 408 5347 l.
426 5292 444 5346 l.
462 5297 528 5347 455:
548 5294 608 5361 „ich
626 5293 671 5344 bia
688 5310 721 5343 ττι
738 5291 785 5344 der
798 5293 887 5357 seiten
905 5292 1083 5361 ῶόττιταφικο
1099 5293 1204 5362 polesot
1221 5293 1292 5348 eto.“
