4820 6094
1001 537 1007 556 ”
1044 531 1087 598 33

156 756 196 800 ea
216 735 301 800 ratio
323 732 388 820 qua
409 729 570 813 statuitur,
593 741 732 821 auoque
754 734 826 800 loco
849 757 924 802 eum
947 759 991 803 ex
1018 737 1151 825 Ephoro
1179 736 1335 816 hausisse,
1369 738 1425 824 qui
1455 737 1620 802 rhetorum
1653 759 1696 803 ex
1734 752 1824 804 more
1855 737 1965 802 Xeno

156 837 287 923 phontis
308 837 489 902 narrationi
510 834 568 901 illa
589 836 725 903 addidit
782 837 879 919 Quod
907 861 972 905 non
995 863 1128 929 prorsus
1154 841 1270 908 eadem
1299 850 1437 935 utroque
1465 829 1537 906 loco
1571 841 1744 906 traduntur
1782 842 1830 905 ita
1862 840 1965 927 expli·
2079 893 2086 904 ,

156 941 300 1005 caverim
323 947 360 1004 ut
382 962 402 1004 a
422 938 598 1005 Plutarcho
621 942 692 1027 ipso
716 936 846 1006 cautum
871 963 942 1007 esse
966 942 1072 1008 dicam
1094 967 1137 1010 ne
1168 945 1219 1010 bis
1248 945 1373 1010 eisdem
1401 952 1513 1010 utatur
1540 943 1661 1012 verbis.
1710 944 1756 1009 Et
1787 943 1965 1008 Pausanias

154 1043 261 1128 magis
282 1065 341 1130 pro
363 1065 416 1109 me
437 1043 569 1109 videtur
590 1043 700 1109 facere
722 1065 819 1130 quam
840 1065 901 1132 pro
923 1045 1271 1125 Bnechseuschuetaio,
1295 1068 1366 1112 cum
1390 1049 1490 1112 etiam
1513 1047 1584 1133 ejus
1605 1048 1727 1112 fontem
1750 1046 1813 1113 hoc
1834 1046 1906 1112 loeo
1927 1053 1965 1110 ut

155 1155 203 1211 tot
224 1145 297 1212 eliis
319 1147 489 1234 Ephorum
508 1147 608 1212 fixisse
631 1169 697 1212 non
720 1148 851 1220 videam
874 1171 932 1214 cur
953 1171 1082 1215 sumere
1105 1171 1170 1214 uon
1192 1148 1380 1215 debeamus.
1386 1152 1414 1229 ¹)

310 1250 346 1315 Si
369 1249 663 1337 Xenophontem
653 1273 760 1338 ipsum
790 1259 866 1317 ante
896 1251 1007 1318 oeulos
1040 1251 1208 1318 habuisset
1230 1251 1440 1334 Plutarchus,
1464 1273 1542 1317 num
1564 1251 1636 1318 Alc.
1660 1253 1702 1317 35
1724 1275 1767 1318 ex
1789 1251 1853 1317 alio
1874 1207 1966 1317 loute

155 1352 353 1422 addidisset:
375 1354 580 1440 Ἀντίοχος”
562 1381 643 1439 εχων
665 1357 847 1441 πρόσταγμα
873 1356 957 1442 παρολ
977 1362 1032 1421 τοῦ
1051 1358 1133 1422 :aas
1161 1356 1286 1466 μηελι
1264 1385 1304 1423 αν
1324 1356 1554 1424 ἐπιπλέουσινι
1524 1384 1555 1424 ca
1575 1356 1712 1439 πολέμιοι
1733 1359 1966 1440 διαναυμαχεῖν,

155 1479 229 1521 cum
253 1456 341 1543 apud
363 1457 616 1543 Xenophontem
639 1457 768 1523 diverso
790 1457 887 1534 modo
908 1456 972 1523 hoc
992 1455 1186 1544 legeretur
1171 1460 1316 1544 jussum:
1345 1463 1513 1540 ἐπιστειλας
1535 1461 1628 1540 (Ala.
1650 1487 1693 1551 τῳ
1680 1461 1810 1538 'Arni
1831 1487 1878 1544 μη
1901 1461 1966 1524 ἐπι-

50 1611 57 1620 .
155 1565 279 1628 πλεῖν’
263 1565 313 1628 επὶ
334 1591 388 1641 τας
410 1563 593 1648 Λυσάνδρου
615 1564 707 1642 νανςλ
731 1560 787 1645 (ab
809 1567 947 1646 utroque
969 1561 1128 1628 recedunt
1150 1583 1234 1648 quae
1257 1584 1278 1626 a
1297 1561 1445 1626 Diodoro
1468 1529 1682 1666 pr'iaebentur
1704 1562 1968 1644 διακελευσάμενος

154 1696 198 1758 τῳ
184 1667 368 1757 Αντιόχῳ
387 1693 435 1752 μη
458 1671 628 1748 ναυμαχεῖν
649 1665 705 1742 ἓως
725 1665 765 1729 αι’
785 1665 875 1744 αυτός
889 1665 1120 1752 παραγένηται).
1168 1663 1261 1730 Haec
1278 1663 1470 1730 Plutarchus
1487 1687 1531 1730 ex
1548 1665 1767 1751 Xenophonte
1784 1686 1849 1729 non
1866 1662 1967 1728 habet

155 1790 267 1855 neque
290 1768 390 1834 habet
418 1790 461 1833 ex
482 1767 694 1854 Theopompo
724 1788 820 1854 quem
842 1767 942 1834 Diod
972 1769 1160 1854 exscripsit:
1191 1788 1269 1854 ergo
1297 1769 1436 1854 sumpsit
1457 1791 1501 1834 ex
1516 1766 1657 1853 Ephoro.
1702 1767 1756 1832 Ex
1777 1765 1967 1832 Buecbsen-

154 1873 312 1938 schuetaii
333 1871 435 1957 igitur
457 1870 622 1937 sententia
642 1869 852 1936 statuendum
876 1880 961 1936 esset
976 1870 1187 1938 Plutarchum
1206 1879 1282 1938 ante
1305 1869 1416 1958 oculos
1438 1870 1591 1936 habuisse
1612 1869 1714 1936 libros
1736 1881 1769 1936 et
1786 1870 1911 1957 Ephori
1933 1880 1967 1934 et

154 1971 398 2062 Xenophontis,
434 1983 467 2040 et
488 1995 567 2038 mox
589 1995 631 2038 ex
653 1973 716 2038 hoc
738 1995 815 2040 mox
834 1997 877 2040 ex
898 1972 955 2038 illo
978 1996 1053 2041 eum
1074 1995 1179 2060 pauca
1201 1976 1393 2063 sumpsisse,
1417 1996 1491 2039 cum
1513 1973 1754 2060 simplicissime
1777 1995 1878 2039 unum
1899 1974 1966 2038 fon·

155 2087 222 2142 tem
244 2076 431 2144 exscribere
452 2077 620 2163 potuisset.
666 2077 774 2163 Atque
793 2085 921 2142 secutus
944 2085 994 2142 est
1016 2099 1133 2143 revera
1154 2099 1254 2158 unum
1277 2076 1462 2164 Ephorum,
1484 2097 1544 2162 pro
1566 2097 1630 2164 quo
1653 2077 1751 2142 etiam
1772 2077 1898 2142 faciunt
1918 2079 1968 2156 (ut

156 2189 245 2247 recte
266 2189 380 2245 monet
396 2178 548 2258 Buechs.)
570 2176 628 2242 illa
648 2178 751 2266 verba
773 2200 856 2266 quae
880 2178 922 2244 de
943 2177 1107 2244 Antiocho
1130 2181 1252 2266 scripta
1268 2185 1344 2245 suut
1365 2201 1406 2245 ea
1428 2179 1468 2244 de
1492 2201 1590 2244 ceusu
1611 2189 1649 2244 ut
1669 2178 1740 2244 Alc.
1763 2180 1968 2265 vituperetur

156 2283 245 2373 quod
273 2282 333 2348 tali
361 2282 485 2347 bomini
511 2279 627 2346 'classis
656 2281 828 2368 imperium
859 2283 1066 2348 commiserit.
1110 2283 1196 2348 Xen.
1228 2282 1435 2348 Alcibiadem
1466 2303 1574 2370 neque
1602 2280 1758 2348 hocloco
1780 2280 1967 2369 vituperare

154 2388 259 2454 voluit
288 2407 393 2474 neque
423 2386 554 2450 omuino
583 2386 798 2471 vituperavit,
828 2385 980 2472 Ephorus
1007 2408 1087 2452 vero
1115 2407 1239 2472 pronus
1274 2395 1345 2452 erat
1374 2385 1417 2451 sd
1439 2384 1693 2472 vituperandum
1722 2393 1756 2450 et
1777 2385 1820 2450 ad
1837 2383 1968 2470 judicia

155 2491 300 2558 ferenda

310 2592 474 2658 Proelium
498 2591 686 2656 describens
709 2614 782 2657 cum
801 2590 995 2659 Plutarchus
1017 2592 1149 2658 brevior
1171 2593 1214 2658 sit
1235 2601 1374 2679 unoque
1392 2593 1465 2658 loeo
1482 2613 1580 2679 quam
1597 2593 1693 2672 Xeu,
1715 2589 1856 2656 Busche.
1878 2590 1967 2656 haud

155 2701 234 2764 satis
255 2707 345 2763 recte
367 2695 499 2761 videtur
521 2694 727 2772 contendisse
750 2694 842 2760 illum
865 2695 907 2762 ab
929 2697 1080 2772 hocnon
1107 2695 1245 2762 multum
1268 2696 1465 2782 discrepare.
1509 2695 1593 2760 Nam
1615 2695 1644 2759 si
1666 2694 1853 2782 Xenophon
1874 2693 1969 2760 Anti·

157 2802 238 2880 ocho
262 2821 336 2866 cum
358 2798 486 2863 duabus
508 2798 648 2865 navibus
670 2808 845 2884 praesecto
867 2800 1084 2866 Athenienses
1106 2798 1229 2865 auxilio
1250 2808 1362 2864 narrat
1382 2799 1513 2865 venisse
1535 2820 1654 2884 magna
1675 2807 1767 2884 parte
1785 2797 1912 2880 elassis,
1936 2803 1969 2861 et

156 2906 307 2972 omnibus
329 2904 468 2970 navibus
491 2914 560 2969 tum
591 2903 722 2969 demum
755 2925 828 2968 cum
858 2907 955 2972 etiam
979 2905 1055 2993 Lys.
1087 2904 1237 2970 omnibus
1259 2903 1399 2969 navibus
1421 2923 1477 2966 eos
1499 2900 1749 2988 aggrederetur,
1779 2899 1866 2968 Plut.
1888 2921 1968 2964 vero

155 3009 373 3078 Athenienses
395 3009 501 3072 statim
524 3008 614 3071 omni
636 3005 739 3072 classe
762 3007 894 3073 obviam
924 3009 1023 3075 ivisse
1046 3009 1147 3075 refert
1163 3005 1334 3094 Lysandro
1355 3004 1733 3092 Antiochum‘aggresso
1757 3006 1864 3090 (Lysa
1888 3012 1968 3071 Λυσ.

155 3115 230 3181 ἰδών
257 3116 292 3179 δὲ
314 3110 354 3178 αὖ
381 3108 470 3191 roric
497 3112 736 3196 Ἀθηναίους
763 3119 1011 3199 βοηθοῦντας
1036 3113 1131 3192 ἄλλας
1158 3111 1310 3198 ἐπλήρου,
1337 3107 1410 3175 Alo.
1438 3119 1519 3177 Λυσ.
1540 3115 1615 3176 τῶν
1634 3111 1854 3196 Ἀθηναίων
1874 3115 1969 3194 dory-
2008 3165 2011 3170 .

157 3217 333 3284 θυόντων
353 3213 465 3296 πάσαις
485 3216 635 3299 ἀναχθείς
661 3221 753 3294 κτλ),
783 3214 862 3279 haec
891 3214 1112 3300 discrepantia
1133 3212 1214 3279 mihi
1235 3211 1367 3298 quidem
1389 3221 1481 3277 tanta
1503 3233 1573 3277 esse
1603 3211 1751 3292 videtur,
1774 3220 1812 3276 ut
1833 3209 1969 3296 cogitari

156 3326 297 3406 nequeat
319 3316 527 3382 Plutarchum
551 3339 594 3381 ex
616 3315 835 3404 Xenophonte
857 3318 929 3403 ipso
952 3318 1172 3382 namationem
1195 3337 1286 3380 suam
1310 3314 1466 3380 hausisse.
1534 3362 1537 3372 ι

316 3419 417 3486 Recte
448 3419 591 3505 denique
613 3418 921 3484 Buechsenschuetz
944 3421 1102 3486 Grossero
1130 3417 1301 3484 oblocutus
1324 3427 1374 3484 est
1394 3419 1576 3506 monenti2)
1604 3417 1694 3505 apud
1714 3416 1968 3504 Xenophontem

157 3547 246 3592 nunc
266 3546 332 3589 non
361 3523 428 3610 legi
448 3531 587 3588 mortem
610 3522 776 3608 Antiochi,
798 3545 867 3588 rem
888 3522 978 3588 illam
1006 3521 1252 3589 memorabilem
1280 3522 1370 3602 („die
1392 3521 1544 3607 wichtige
1566 3521 1707 3606 notia“),
1740 3543 1837 3610 quam
1860 3521 1970 3588 madet

157 3629 242 3694 Plut.
266 3626 338 3693 Alc.
361 3626 419 3692 35:
451 3636 531 3696 Λυσ.
553 3613 646 3695 αυτόν
667 3655 699 3695 τε
722 3629 874 3714 διέφθειρε
897 3629 951 3694 rdr
969 3629 1144 3714 Ἀντίοχον.
1188 3623 1271 3692 Jure
1292 3625 1379 3690 enim
1402 3626 1602 3712 quaerimus,
1633 3647 1711 3690 num
1740 3626 1839 3692 etiam
1859 3625 1970 3692 Xeno-

158 3732 273 3818 phonti
294 3731 376 3796 haec
397 3751 484 3794 mors
506 3729 607 3816 digna
628 3733 671 3794 sit
698 3730 770 3794 visa
792 3752 877 3817 quae
906 3740 1178 3796 commemoretur
1207 3737 1240 3796 et
1261 3751 1340 3794 num
1362 3730 1494 3794 omnino
1516 3728 1738 3796 memorabilis
1759 3729 1903 3814 merie).
1926 3767 1970 3778 -

313 3929 459 4000 Transeo
489 3936 533 4001 ad
561 3935 689 4000 cladem
721 3957 805 4022 quae
826 3935 1084 4002 Atheniensibus
1107 3935 1151 4000 ad
1171 3935 1277 4001 Athos
1299 3935 1421 4000 flumen
1442 3933 1534 4000 illata
1555 3943 1605 4000 est
1626 3957 1646 4000 a
1667 3934 1853 4022 Lysandro:
1882 3932 1968 3999 Hell.

159 4041 191 4104 lI
215 4041 250 4123 1,
273 4036 316 4104 22
339 4061 407 4124 sqq.
432 4077 476 4086 —

315 4140 542 4226 Xenophontis
564 4143 593 4226 ᾗ.
616 4141 668 4221 22,
692 4142 919 4227 qua.refertur
940 4140 1100 4228 quomodo
1122 4161 1266 4227 pugnam
1288 4142 1456 4226 paraverit
1475 4139 1661 4225 Lysander,
1684 4140 1860 4205 redit‘lere
1882 4139 1968 4226 apud

160 4246 382 4324 Plutarchum,
406 4245 483 4331 Lye.
510 4245 551 4309 10
572 4247 661 4311 init:
683 4249 702 4314 ὁ
723 4249 804 4315 Ario.
825 4285 868 4294 -
890 4283 927 4295 -
951 4247 1128 4332 προςὲταττε
1152 4281 1193 4294 -
1215 4247 1253 4312 sd
1275 4241 1573 4330 παραγγελλόμενον,
1596 4241 1653 4306 ubi
1676 4250 1784 4307 tamen
1807 4243 1905 4306 etiam
1928 4242 1970 4307 de

160 4351 304 4440 pedestri
323 4349 470 4414 exercitu
489 4349 822 4415 Lacedaemoniorum
841 4371 946 4413 sermo
964 4347 1001 4413 fit
1019 4347 1071 4428 (ὥς
1087 4350 1115 4413 δ’
1133 4347 1232 4428 οὕτως
1252 4353 1301 4415 καὶ
1322 4351 1358 4416 td
1375 4349 1466 4428 πεζὸν
1482 4349 1516 4412 ἐν
1531 4347 1610 4424 τάξει
1628 4349 1711 4429 παρα*
1728 4348 1787 4433 τήν
1810 4343 1971 4414 θάλατταν

160 4452 364 4541 ἡσυχάζειν),
386 4473 483 4538 quem
506 4457 592 4518 Xen.
617 4473 683 4516 non
705 4459 946 4518 commemorat.
991 4449 1088 4516 Unde
1105 4449 1168 4514 hoc
1184 4452 1322 4536 sumpsit
1341 4448 1556 4513 Plutarchus?
1600 4446 1686 4513 Nun'r
1705 4471 1755 4528 ex,
1770 4471 1849 4514 vero
1872 4471 1970 4535 opere

161 4554 400 4641 Xenophonteo
408 4560 426 4625 λ
467 4555 512 4619 At
533 4555 560 4620 is
583 4557 617 4620 in
641 4557 729 4618 omni
751 4556 816 4620 b'ae
833 4555 1021 4618 narratione
1043 4553 1191 4640 quamvis
1210 4553 1288 4616 satis
1311 4561 1463 4617 accurata
1480 4553 1644 4616 exercitus
1661 4551 1822 4636 pedestris
1840 4553 1972 4616 omnino

160 4659 358 4724 mentionem
382 4680 447 4723 nou
471 4659 566 4741 laeit;
590 4660 646 4745 qui
669 4659 770 4744 igitur
792 4659 956 4723 exercitus
979 4659 1144 4743 particeps
1165 4677 1297 4743 pugnae
1319 4676 1385 4718 non
1407 4655 1482 4732 fuit,
1506 4654 1548 4718 de
1571 4675 1610 4720 eo
1633 4656 1731 4718 etiam
1752 4654 1884 4741 probari
1906 4675 1971 4718 non

160 4770 268 4848 potest
289 4760 543 4847 Xenophontem
567 4760 621 4824 hic
643 4759 789 4834 locutum
812 4781 894 4826 esse.
939 4761 993 4824 Ex
1015 4759 1078 4824 alio
1101 4760 1202 4844 igitur
1223 4760 1312 4824 fonte
1335 4758 1399 4823 hoc
1420 4779 1493 4822 cum
1517 4757 1667 4821 videatur
1688 4759 1864 4845 sumpsisse
1886 4755 1971 4820 Plut.

162 4865 282 4930 bonum
306 4863 493 4950 exemplum
525 4872 620 4949 putat
642 4864 806 4928 invenisse
829 4861 1193 4942 Buechsenschuetzo,
1223 4883 1287 4947 quo
1315 4859 1487 4946 probatur,
1517 4859 1727 4926 Plutarchum
1757 4860 1839 4926 duos
1866 4861 1972 4925 fontes

320 5106 344 5172 ¹)
363 5101 414 5158 clr.
431 5101 466 5158 A
486 5100 643 5158 Stedeleldt
660 5101 679 5157 l.
697 5100 715 5158 1.
734 5117 797 5171 pag.
816 5102 858 5156 58.

319 5187 343 5256 ²)
361 5189 381 5244 l.
399 5188 417 5246 l.
436 5189 478 5257 93,
496 5191 555 5242 728.
764 5186 790 5254 ³)
809 5185 859 5240 elr.
878 5201 949 5256 quae
967 5185 1128 5256 supradixi
1146 5201 1211 5256 pag.
1229 5187 1272 5240 10.
1336 5213 1340 5220 ·

321 5275 346 5341 ⁴)
363 5273 382 5329 l.
400 5272 419 5330 l.
438 5289 501 5344 pag.
520 5275 580 5331 239.
