4820 6094
1091 761 1157 847 De

573 921 1147 1050 Xenophontis
1222 922 1675 1023 Helleniois

864 1089 903 1164 in
930 1089 1112 1191 epitomen
1139 1117 1215 1167 non
1242 1091 1385 1166 coactis.

943 1255 1176 1312 Dissertationem
1193 1257 1308 1328 scrIpsit

891 1362 1016 1439 eutr.
1056 1363 1358 1442 Vollbreebt.

378 1686 611 1774 Xenophontis
634 1687 844 1760 Atheniensis
866 1689 996 1775 scripta,
1019 1687 1059 1754 de
1083 1688 1202 1776 quibus
1223 1689 1336 1754 variae
1360 1688 1460 1754 variis
1488 1687 1689 1774 temporibus
1714 1687 1823 1754 dictae
1851 1699 1928 1756 sunt
1958 1713 2031 1756 sen·

191 1779 195 1786 ’
223 1791 354 1870 tentiae,
378 1789 440 1855 hoc
461 1799 571 1856 nostro
599 1789 729 1856 saeculo
752 1801 850 1878 atque
872 1790 923 1856 bis
943 1791 1024 1879 ipsis
1046 1793 1141 1859 annis
1162 1813 1259 1880 quam
1279 1791 1740 1861 diversissimeaestimantur.
1784 1792 1930 1880 Scriptor
1944 1794 2029 1858 enim

222 1893 287 1976 ille,
310 1917 407 1982 quem
430 1895 554 1980 antiqui
575 1894 642 1958 iere
664 1916 777 1960 omnes
799 1896 932 1960 summis
954 1895 1107 1962 laudibus
1130 1895 1317 1974 efferebant,
1340 1917 1428 1960 nunc
1451 1917 1472 1958 a
1493 1893 1603 1960 multis
1626 1904 1660 1960 et
1682 1893 1724 1960 de
1745 1897 1846 1960 animi
1868 1897 2029 1982 pravitate

223 1997 474 2092 reprehenditur
497 1997 592 2062 etde
616 1997 700 2066 male
723 2000 916 2087 conscriptis
938 2000 1092 2086 operibus
1115 2001 1335 2088 vituperatur,
1366 2021 1439 2064 cum
1468 1997 1523 2066 alii
1554 2020 1627 2065 eum
1657 1999 1834 2066 defendant
1862 2022 1883 2066 a
1911 1999 2030 2068 talibus

223 2101 416 2191 opprobriis,
440 2100 541 2167 animi
563 2099 795 2168 candorem'et
817 2104 978 2190 pietatem,
1001 2102 1156 2169 librorum
1180 2101 1420 2189 simplicitatem
1442 2103 1623 2170 laudantes.

378 2205 430 2272 De
453 2203 543 2271 nullo
565 2215 674 2298 autqm
697 2207 838 2272 omnium
862 2205 1029 2286 librorum,
1052 2209 1107 2294 qui
1142 2209 1213 2293 ejus
1240 2207 1371 2274 nomine
1401 2185 1689 2286 circumferuntur,
1726 2211 1819 2295 plura
1854 2217 1887 2274 et
1926 2207 2030 2294 magis

223 2313 354 2378 diversa
371 2308 499 2395 judicia
520 2319 596 2374 sunt
616 2308 684 2374 lata
704 2331 803 2397 quam
825 2308 867 2375 de
889 2308 1079 2376 Hellenicis.
1135 2310 1200 2391 Qui
1229 2309 1315 2376 liber
1342 2331 1416 2378 cum
1447 2309 1556 2376 multis
1585 2313 1742 2399 optimum
1771 2311 1926 2376 historiae
1956 2334 2030 2377 con·

224 2414 419 2481 scribendae
463 2411 650 2499 exemplum
690 2435 762 2478 esse
793 2410 968 2493 videretur,
998 2433 1094 2500 quem
1124 2423 1233 2478 tamen
1262 2417 1379 2481 iterum
1413 2411 1524 2501 legere
1560 2415 1596 2480 F.
1615 2415 1655 2481 A.
1679 2411 1835 2480 Wolfium
1875 2415 2032 2502 „pigebat

223 2516 464 2604 pudebatque“‚
488 2538 583 2603 quem
607 2518 642 2580 in
665 2515 746 2585 duas
769 2519 865 2604 qtem
887 2517 921 2582 in
944 2526 1009 2582 tres
1031 2529 1141 2604 partes
1164 2517 1377 2583 dividendum
1400 2529 1433 2584 et
1455 2541 1475 2583 a
1503 2517 1660 2604 scriptore
1686 2517 1757 2603 ipso
1787 2515 1928 2583 divisum
1959 2540 2030 2584 esse

223 2621 310 2686 haud
333 2620 430 2707 pauci
452 2619 600 2684 homines
623 2618 711 2685 docti
734 2620 926 2684 confirmare
947 2619 1132 2700 studebant,
1156 2620 1197 2685 de
1221 2621 1292 2706 ejus
1313 2643 1393 2686 vera
1410 2621 1514 2686 forma
1530 2641 1619 2685 nunc
1636 2641 1833 2707 magnopere
1852 2620 2029 2688 dubitatur.

379 2725 508 2809 Fugere
530 2723 675 2808 profecto
697 2724 757 2788 vix
785 2733 893 2809 potest
921 2745 995 2788 eum
1025 2724 1080 2809 qui
1117 2721 1291 2808 diligenter
1319 2722 1407 2790 hunc
1435 2723 1555 2792 librum
1590 2720 1746 2810 perlegit,
1782 2733 1815 2789 et
1843 2747 1916 2790 cum
1957 2723 2030 2791 aliis

223 2829 354 2915 scriptis
374 2848 453 2902 uere
474 2826 721 2912 Xenophonteis
744 2827 879 2906 confert,
903 2824 1146 2892 Hellenicorum
1169 2848 1234 2893 non
1252 2826 1351 2914 plane
1370 2827 1506 2894 eandem
1522 2849 1593 2892 esse
1607 2829 1763 2894 rationem
1779 2838 1876 2915 atque
1890 2827 2029 2894 illorum.
2047 2819 2057 2854 ¹

223 2929 326 2996 Multa
349 2932 435 2996 enim
452 2930 543 3016 justo
566 2929 698 2996 brevius
721 2931 875 2995 videntur
897 2953 968 2995 esse
990 2940 1130 3009 narrata,
1153 2929 1255 2995 multa
1276 2931 1456 3019 copiosius3
1489 2931 1630 3019 plurima
1652 2949 1737 3018 quae
1760 2954 1802 2997 cx
1824 2942 1935 2998 nostra
1961 2955 2032 2998 sen-

223 3035 326 3100 tentia
347 3034 482 3098 maximi
506 3035 662 3100 momenti
684 3042 760 3098 sunt
782 3042 838 3098 aut
859 3032 955 3119 plane
978 3035 1170 3099 omittuntur
1198 3043 1254 3098 aut
1282 3031 1398 3098 leviter
1425 3043 1638 3120 tangentum,
1661 3033 1702 3099 de
1736 3035 1817 3100 viris
1857 3033 2031 3114 nonnullis,

223 3159 304 3225 quos
326 3158 467 3202 summos
483 3148 524 3201 vet
545 3136 587 3202 de
609 3138 717 3224 patria
738 3138 859 3224 optime
882 3139 1013 3204 meritos
1034 3147 1194 3224 putamus,
1224 3136 1410 3224 Xenophon
1432 3148 1489 3202 aut
1510 3137 1606 3224 plane
1629 3145 1716 3202 tacet
1737 3147 1795 3204 aut
1816 3139 1895 3203 satis
1916 3140 2031 3225 inique

225 3243 405 3323 existimat:
428 3242 544 3306 mirum
566 3242 667 3328 igitur
688 3263 753 3305 non
776 3251 832 3322 est,
856 3241 898 3306 de
919 3241 1024 3305 forma
1045 3241 1141 3328 hujus
1163 3239 1240 3306 libri
1261 3241 1370 3306 varias
1392 3241 1494 3307 factas
1517 3263 1587 3306 esse
1610 3242 1824 3328 conjecturas.
1870 3229 1872 3238 ¹

379 3345 462 3410 Nam
486 3367 559 3410 cum
582 3345 639 3410 alii
662 3344 810 3410 homines
832 3345 920 3410 docti
943 3345 1051 3432 operis
1080 3345 1161 3408 vitia
1191 3354 1223 3410 et
1251 3366 1335 3430 quae
1365 3345 1445 3409 vitia
1466 3346 1514 3408 eis
1544 3344 1706 3410 videntur*
1725 3343 1939 3433 Xenophonti
1968 3346 2033 3433 ipsi

225 3449 354 3514 crimini
378 3448 466 3528 dent,
489 3450 609 3535 quippe
632 3449 687 3536 qui
711 3471 774 3514 non
798 3451 876 3514 satis
898 3457 993 3535 aptus
1016 3448 1127 3514 fnisset
1148 3448 1192 3512 ad
1209 3447 1377 3527 historiam
1395 3446 1674 3527 conscribendam,
1693 3449 1749 3536 qui
1768 3450 1907 3534 partium
1924 3447 2032 3513 studio

225 3551 409 3638 prohibitus
431 3550 550 3632 fuisset,
574 3553 747 3639 quominus
765 3553 855 3639 juste
879 3573 991 3617 omnes
1014 3554 1101 3617 viros
1130 3554 1332 3631 aestimaret,
1362 3589 1404 3600 —
1433 3573 1507 3616 cum
1535 3550 1592 3616 alii
1619 3553 1699 3616 sitia
1736 3549 1877 3639 plurima
1916 3551 2033 3640 culpae

225 3653 429 3720 librariorum
452 3655 606 3736 tribuant,
630 3659 784 3743 quoniam
806 3655 882 3722 libri
905 3657 1126 3742 manuscripti,
1144 3656 1263 3744 quibus
1284 3654 1419 3720 historia
1440 3675 1558 3740 graeca
1581 3656 1774 3735 continetur,
1795 3677 1907 3720 omnes
1925 3663 2034 3721 essent

228 3767 260 3824 et
284 3758 496 3824 recentissimi
519 3768 552 3824 et
573 3758 722 3846 plurimis
744 3759 872 3825 mendis
894 3759 1015 3838 referti,
1039 3797 1081 3809 -
1103 3782 1176 3824 cum
1200 3757 1257 3824 alii
1280 3780 1361 3846 opus
1390 3757 1485 3824 nobis
1513 3759 1667 3824 traditum
1691 3760 1941 3826 commentarios
1963 3781 2035 3824 esec

228 3863 339 3929 dicant
362 3864 588 3949 „consignatos
611 3873 643 3929 et
665 3862 818 3928 collectos
841 3861 993 3929 historiae
1016 3867 1131 3949 postea
1148 3863 1309 3951 copiosius
1328 3871 1360 3928 et
1378 3861 1567 3950 diligentius
1585 3861 1907 3948 conscribendae“¹),
1927 3884 2034 3949 neque

226 3967 374 4031 limatum
399 3976 430 4031 et
451 3965 629 4052 perfectum
653 3966 695 4031 ab
718 3969 789 4053 ipso
812 3965 1207 4053 xenophonte2),-neque
1236 3966 1278 4030 ab
1307 3967 1378 4051 ipso
1408 3976 1539 4032 auctore
1569 3966 1691 4032 editum
1728 3965 1787 4031 sed
1823 3987 1866 4030 ex
1905 3966 2034 4030 scriniis

227 4070 344 4134 mortui
367 4070 410 4134 ab
432 4069 496 4134 alio
520 4068 728 4154 collectum³)
751 4107 794 4118 -
817 4069 872 4134 alii
896 4069 1036 4155 denique
1060 4073 1191 4134 omnino
1213 4089 1278 4132 non
1301 4071 1465 4156 integrum
1489 4069 1638 4135 exhiberi
1660 4071 1694 4134 in
1717 4068 1894 4135 codicibus.
1915 4067 2033 4134 librum

227 4174 399 4253 affirmant,
423 4173 483 4238 sed
504 4172 718 4260 neglegenter
739 4176 773 4239 in
796 4175 960 4260 epitomen
984 4183 1141 4240 coactum.

389 4365 413 4432 ¹)
432 4363 625 4433 Wyttcnbach
642 4363 730 4434 praet
748 4361 799 4418 ecl.
817 4362 882 4417 hist.
900 4362 936 4418 X.
954 4391 987 4402 -
1006 4361 1056 4418 ct‘r.
1074 4359 1108 4414 G.
1127 4361 1246 4430 Sauppe,
1271 4359 1339 4414 edit.
1362 4365 1477 4417 stereot.
1501 4361 1625 4417 Tanchn.
1638 4371 1656 4403 ⁸·
1668 4359 1887 4418 MDCCGLXVI
1909 4361 1963 4418 rol
1987 4357 2034 4416 1v.

228 4468 293 4521 pag.
311 4450 348 4506 X.
366 4467 427 4521 sqq.
463 4450 606 4504 assentiri
627 4449 742 4504 videtur
758 4445 978 4517 wyttenbachio
996 4447 1126 4504 Hertlein
1144 4446 1213 4512 (obs.
1232 4446 1295 4500 crit.
1312 4447 1342 4500 in
1360 4445 1430 4506 Xen.
1449 4447 1522 4504 HeII
1542 4451 1608 4502 1841
1633 4447 1660 4502 11
1684 4465 1731 4518 pg.
1757 4454 1771 4502 l
1796 4450 1864 4518 not.)
1888 4447 2035 4504 verisimil.

228 4538 325 4592 IImam
343 4535 441 4590 dicens
460 4551 557 4591 eorum
575 4535 722 4604 rationem,
740 4535 787 4604 qui
804 4534 931 4587 ultimam
948 4533 1094 4602 scriptoris
1112 4549 1226 4586 manum
1242 4531 1317 4586 libro
1334 4532 1434 4588 deesse
1450 4537 1584 4590 statuant.
1619 4529 1728 4588 Eadem
1744 4533 1828 4588 etiam
1842 4534 2036 4589 estsententia

228 4623 342 4694 Engelii
361 4621 466 4689 (Xenis
484 4622 564 4691 polit.
582 4622 706 4691 stellung
723 4619 781 4675 und
798 4618 1001 4686 wirksamksit)
1019 4622 1132 4673 auctore
1149 4617 1432 4690 Buechsenschirtsio,
1450 4617 1667 4674 Phi101.xv111
1685 4623 1743 4674 248.

387 4708 411 4774 ²)
431 4706 602 4779 Bernhardy,
619 4707 758 4780 paralipp.
776 4709 849 4776 synt.
866 4722 908 4774 gr.
928 4709 969 4760 1⁷.
1004 4703 1193 4760 Breitenbsch
1209 4704 1309 4758 Philol.
1327 4709 1354 4762 11
1372 4711 1432 4760 tta
1450 4735 1483 4748 -·
1514 4703 1767 4774 Buechsenschirtz,
1792 4704 1857 4763 edit
1876 4705 1983 4761 Teubn
2009 4710 2035 4763 3.

229 4813 276 4866 pg.
293 4801 326 4860 ⁶3
343 4795 377 4849 A.
394 4793 513 4860 Nicolsi,
529 4811 593 4849 nov.
611 4811 676 4848 ann.
693 4792 764 4863 phil.
781 4790 838 4858 (ed.
854 4789 1031 4859 Fleckeisen]
1050 4795 1093 4859 89,
1111 4795 1175 4858 82³3
1197 4789 1358 4858 Volekmar,
1382 4789 1418 4845 de
1435 4791 1506 4847 Xen.
1531 4789 1559 4844 Ia
1583 4805 1625 4860 gr.
1650 4808 1750 4846 comm.
1772 4809 1836 4862 pag.
1867 4797 1900 4845 21
1931 4809 1972 4860 sq.
2000 4821 2039 4833 -‚

229 4882 353 4952 lipsius,
369 4881 442 4935 iiber
459 4881 515 4935 den
534 4879 660 4935 einheitt
677 4879 824 4934 character
841 4895 897 4932 von
914 4876 1009 4932 Xenis
1027 4876 1166 4931 hellenica
1185 4881 1226 4930 ll.

387 4967 413 5034 θ)
430 4964 532 5021 Editor
549 4965 692 5020 Parisinus
710 4963 841 5019 editionis
858 4961 1026 5017 Didotianae
1046 4961 1134 5032 praei.
1160 4961 1203 5023 V:
1230 4961 1377 5031 ,Accedit
1404 4959 1479 5031 quod
1505 4963 1611 5032 scrIpta
1635 4964 1783 5026 nonnulla,
1809 4979 1843 5017 ea
1868 4961 2037 5031 praesertim

229 5069 301 5124 quse
327 5056 395 5107 sunt
421 5051 457 5106 de
476 5052 561 5106 rebus
579 5050 787 5120 publicium*
802 5053 833 5104 et
848 5048 914 5104 Lac.
932 5052 1015 5118 atque
1033 5046 1104 5102 adeo
1121 5047 1239 5104 historia
1256 5063 1366 5118 graeca,
1383 5065 1441 5103 non
1459 5046 1591 5103 ridentur
1613 5050 1649 5103 ab
1675 5050 1736 5120 ipso
1759 5046 1948 5116 Xenophonte
1972 5063 2037 5116 pro-

229 5140 305 5194 iecta
322 5143 351 5194 et
368 5138 464 5204 edita,
480 5138 531 5193 sed
548 5155 582 5194 ex
600 5137 713 5192 scriniis
732 5133 836 5190 mortui
853 5135 889 5189 ab
907 5134 962 5188 alio
980 5134 1114 5190 collecta:
1149 5150 1203 5204 quo
1221 5135 1311 5204 magis
1336 5133 1477 5189 lubricum
1502 5139 1547 5189 est
1571 5135 1710 5205 genuinae
1725 5132 1840 5188 'talium
1868 5133 2040 5204 scriptorum

229 5225 344 5291 formae,
363 5240 433 5294 ques
453 5223 570 5279 fortasse
585 5205 741 5294 immqnam
759 5220 877 5286 exstitit,
896 5219 1082 5276 Inveniendae
1099 5217 1249 5275 studiumr‘

927 5311 931 5325 .
1729 5351 1734 5363 ·
1796 5309 1830 5358 1,
