4820 6094
941 567 947 577 .
1044 511 1088 576 43

318 717 450 784 Deinde
473 739 546 784 cum
569 738 688 803 vesper
709 718 775 802 jam
797 738 935 802 magnus
957 725 1052 799 esset,
1076 715 1329 782 Lacedaemonii
1353 716 1481 781 coenati
1504 715 1648 780 cubitum
1674 725 1752 782 eunt
1778 725 1972 806 noctemque

163 820 288 906 degtrnt
311 821 344 884 in
366 820 438 905 ipso
459 818 575 907 proelii
598 822 756 908 camp0¹).

317 939 480 1006 Postridie
501 962 597 1004 mane
621 940 661 1025 (ᾗ.
684 940 739 1021 21)
761 961 821 1004 rex
844 939 954 1027 Gylim
977 939 1220 1025 polemarchum
1242 939 1314 1004 acie
1332 940 1492 1003 instructa
1509 947 1678 1023 tropaeum
1696 936 1855 1004 collocare
1872 940 1971 1026 jubet

162 1065 339 1130 omnesque
361 1043 480 1108 milites
502 1043 651 1109 coronari
674 1043 890 1131 tibicinesque
913 1065 1030 1108 canere
1061 1043 1162 1108 tibiis.
1213 1040 1252 1106 ln
1275 1041 1327 1106 his
1355 1039 1465 1105 verbis
1495 1038 1712 1127 Cyprianus²t
1739 1053 1835 1128 putat
1861 1065 1896 1108 se
1925 1043 1969 1108 la·

161 1165 278 1210 cunam
301 1147 465 1211 invenisse
487 1167 560 1211 cum
582 1145 792 1232 Xenophonti
816 1146 988 1212 dicendum
1011 1149 1127 1212 fuisset
1145 1133 1191 1211 'ab
1212 1142 1367 1231 Agesilao
1390 1144 1494 1209 aciem
1512 1145 1702 1210 instructam
1719 1166 1791 1211 esse
1808 1155 1845 1210 ut
1861 1145 1970 1213 denuo

161 1267 271 1332 pugna
292 1248 562 1327 committeretur,
591 1248 620 1312 si
648 1247 756 1314 hostes
785 1248 892 1314 denuo
919 1251 989 1314 acie
1019 1249 1196 1315 decernere
1226 1246 1393 1312 auderent.
1445 1246 1551 1325 Quem
1577 1250 1710 1334 egregie
1732 1270 1858 1314 enasse
1880 1259 1969 1316 recte

161 1347 396 1415 demonstravit
416 1350 613 1435 Buechs.³):
647 1349 768 1436 lVerbs
795 1351 881 1417 enim
912 1352 1139 1439 Xenophontis
1166 1351 1230 1416 hoc
1258 1359 1382 1416 tantum
1412 1349 1597 1437 significare
1626 1361 1776 1436 possunt:
1805 1353 1892 1417 acies
1920 1353 1967 1418 in·

160 1452 292 1517 struitur
313 1461 350 1517 ut
371 1475 411 1519 ea
432 1453 586 1519 intruere
617 1465 786 1540 tropaeum
815 1454 991 1522 collocetur
1019 1458 1197 1541 (παρατάξαι
1230 1482 1268 1521 τε
1298 1455 1410 1522 ἐκέλευε
1441 1455 1476 1521 τύ
1510 1454 1685 1540 στράτευμα
1723 1459 1786 1522 καί
1824 1457 1967 1542 τρόπαιον

157 1557 328 1635 ἵστασθαι),
351 1577 457 1642 neque
479 1558 585 1643 potuit
601 1557 686 1622 Xen.
709 1557 893 1643 significare
911 1580 1053 1644 pugnam
1076 1558 1288 1645 repetendam
1311 1560 1357 1623 ita
1379 1568 1415 1622 ut
1442 1566 1591 1622 narraret
1615 1567 1759 1641 tantum,
1789 1558 1967 1644 Spartanos

160 1662 216 1737 (ex
237 1666 340 1740 more)
363 1669 533 1725 coronatos
556 1682 637 1739 esse,
660 1660 747 1747 quod
768 1661 893 1725 faciunt
913 1669 951 1725 ut
972 1660 1080 1726 colant
1101 1661 1191 1726 deos.
1236 1661 1425 1748 Agesilaum
1448 1662 1605 1726 victorem
1635 1683 1670 1727 se
1699 1671 1831 1747 putasse
1858 1684 1966 1749 neque

159 1760 320 1847 integram
343 1783 487 1848 pugnam
510 1773 716 1850 exspectasse
737 1764 816 1830 inde
837 1773 988 1852 apparet,
1018 1764 1107 1850 quod
1133 1765 1242 1830 statim
1266 1763 1365 1851 jubet
1392 1773 1561 1851 tropaeum
1591 1763 1763 1829 collocari:
1792 1765 1880 1850 quod
1909 1787 1967 1830 cur

154 1864 225 1949 jam
248 1864 356 1950 pridie
378 1887 443 1930 non
468 1867 511 1930 sit
531 1865 723 1932 collocatum
747 1866 866 1933 docent
887 1868 990 1934 verba
1011 1871 1052 1950 (ᾖ.
1079 1871 1119 1934 19
1128 1875 1149 1949 z)
1170 1872 1220 1935 καί
1241 1869 1298 1954 yde
1322 1865 1363 1955 ἦν
1384 1869 1449 1954 ἤδη
1471 1868 1539 1948 duri.
1566 1905 1602 1916 -
1628 1869 1722 1950 Quae
1746 1877 1859 1932 contra
1880 1866 1964 1934 Plut.

158 1967 296 2051 praebet
317 1989 382 2033 non
405 1969 501 2034 modo
523 1970 620 2055 plane
642 1970 706 2036 alia
729 1979 814 2056 sunt,
837 1994 910 2037 cum
933 1970 1102 2036 consilium
1120 1970 1267 2054 Agesilai
1284 1969 1349 2035 tale
1371 1969 1503 2034 tradent
1524 1968 1619 2056 quale
1641 1970 1727 2036 Xen.
1751 1971 1883 2036 omnino
1901 1991 1966 2034 non

159 2079 280 2150 narrat,
305 2070 362 2136 sed
386 2073 484 2137 etiam
506 2072 598 2138 falsa.
642 2074 726 2139 Nam
747 2085 784 2139 ut
806 2075 917 2139 hostes
939 2074 981 2140 ad
1003 2097 1147 2162 pugnam
1170 2057 1388 2138 renouandam
1412 2071 1546 2138 eliceret
1568 2071 1643 2152 (hoc
1665 2074 1752 2136 enim
1781 2072 1967 2159 significant

157 2172 260 2239 verba
281 2173 462 2240 Plutarchi:
484 2175 667 2261 βουλόμενος
688 2179 835 2265 ἐξελέγξαι
857 2180 926 2258 τούς
948 2181 1103 2265 Θηβαίους
1130 2180 1278 2264 ύἈνηςσ
1308 2179 1335 2242 εἰ
1365 2180 1666 2262 διανασμαχοῦνῐαι),
1690 2174 1759 2240 dux
1780 2198 1845 2241 non
1868 2175 1966 2262 jubet

157 2275 315 2343 militibus
338 2280 499 2344 coronatis
520 2279 675 2366 tibiisque
697 2279 835 2346 canatis
857 2291 1026 2368 tropaeum
1051 2280 1203 2346 collocari
1233 2289 1266 2345 et
1294 2281 1404 2344 ornari
1433 2278 1491 2344 sed
1524 2280 1596 2344 acie
1623 2280 1782 2344 metructa
1810 2287 1867 2342 aut
1893 2279 1964 2364 ipse

156 2380 236 2445 lacit
256 2381 412 2466 impetum
435 2391 491 2447 aut
512 2381 652 2448 hostium
675 2385 832 2470 impetum
856 2394 1032 2471 exspectat,
1055 2384 1176 2448 factum
1199 2384 1359 2448 sustinere
1380 2382 1533 2462 studet.⁴)

311 2499 502 2583 Thebani⁶)
537 2524 611 2568 oum
646 2525 707 2589 per
742 2525 921 2590 praecones
960 2504 1122 2570 cadavera
1157 2501 1346 2591 sepelienda
1378 2501 1441 2567 sibi
1470 2501 1557 2567 tradi
1586 2503 1774 2587 poscantl),
1806 2500 1959 2568 induciae

156 2601 239 2668 fiunt
260 2613 293 2668 et
314 2603 489 2691 Agesilaus
511 2603 660 2694 Delphos
680 2607 845 2693 proiectus
867 2607 1025 2694 decimam
1048 2606 1191 2690 praedae
1214 2607 1287 2671 Deo
1308 2605 1520 2685 sacriticatl).
1564 2603 1658 2669 Haec
1679 2605 1798 2671 verba:
1832 2606 1963 2690 δεκύτην

155 2714 217 2774 τῶν
237 2711 270 2774 ἐκ
292 2715 349 2796 τῆς
371 2711 451 2790 λείας
471 2718 517 2801 τῷ
537 2717 602 2801 θεῷ
622 2711 755 2777 dulium
774 2710 845 2795 jam
868 2709 925 2774 diu
947 2706 1230 2793 1ιοισ1οοοι1οσιοσ
1252 2717 1467 2774 vexaverunt.
1521 2707 1663 2774 Omnino
1680 2707 1804 2773 nullam
1817 2707 1962 2792 profecto

155 2810 353 2897 praeberent
374 2810 584 2877 offensionem
607 2814 671 2878 nisi
693 2811 779 2878 Plut
803 2811 933 2878 diverse
956 2811 1116 2877 traderet:
1154 2813 1215 2898 τήν
1248 2813 1380 2899 ύεκύτην
1406 2813 1521 2880 suasu
1551 2819 1626 2879 τῶν
1655 2815 1695 2880 ἐκ
1728 2820 1799 2898 τῆς
1831 2813 1964 2890 Ἀσίας

156 2917 347 3002 λαφύρων.
390 2914 501 2980 Morus
522 2938 581 3003 pro
605 2921 685 2998 λείας
706 2915 806 2982 scribi
824 2917 923 3003 jussit
942 2917 1060 2997 Ἀσίας,
1084 2913 1310 3002 quodfalsum
1333 2935 1404 2980 esse
1433 2913 1571 2982 Buechs.
1601 2924 1691 2981 recte
1706 2913 1963 2997 'demonltrat⁸),

156 3040 229 3084 oum
252 3018 329 3084 huic
351 3017 453 3084 verbo
476 3023 555 3100 λείας
577 3021 773 3108 respondeat
800 3020 888 3106 apud
917 3019 1128 3085 Plutarchum
1157 3020 1316 3106 λαφύρων,
1356 3040 1491 3084 necesse
1527 3019 1626 3103 igitur
1659 3019 1702 3083 sit
1730 3017 1794 3082 tale
1826 3014 1963 3083 verbnm

156 3122 253 3185 etiam
276 3119 364 3207 apud
387 3119 638 3207 Xenophontem
660 3122 737 3209 legi.
781 3123 919 3205 Grosser
939 3143 1019 3188 vero
1041 3143 1115 3186 cum
1147 3119 1347 3208 Cyprianott
1374 3120 1477 3186 verba
1503 3125 1536 3188 ἐκ
1564 3129 1621 3208 τῆς
1642 3121 1747 3203 Ἀσίας
1775 3130 1851 3208 post
1883 3125 1963 3201 λείας

314 3382 337 3445 ¹)
356 3383 389 3432 ut
405 3380 482 3433 recta
501 3379 600 3432 statuit
616 3378 775 3448 Hertzberg
792 3378 811 3432 l.
828 3378 846 3436 l.
864 3395 947 3450 pagg.
964 3381 1014 3448 92;
1033 3380 1100 3448 881,
1119 3378 1178 3433 189.
1386 3381 1412 3445 ²)
1429 3380 1448 3434 1
1465 3379 1485 3434 l.
1502 3396 1566 3450 pag.
1584 3381 1618 3434 88
1637 3397 1678 3448 sq.

311 3464 335 3532 ³)
353 3463 371 3519 l.
389 3464 406 3516 l.
425 3466 477 3518 257
494 3481 537 3534 sq.
556 3493 588 3505 -
607 3463 924 3519 Buechsenschuetuium
942 3463 1064 3519 refutare
1082 3463 1184 3518 trustra
1201 3465 1323 3519 termut
1340 3464 1392 3522 Gr.
1412 3466 1470 3532 105,
1489 3467 1548 3521 786.

311 3552 337 3614 ⁴)
356 3549 405 3608 cfr.
423 3549 668 3605 Brichsenschueta
685 3550 704 3604 1
721 3551 739 3607 1.
759 3551 818 3604 858.
835 3581 865 3590 -
879 3549 994 3605 Riastow
1008 3548 1156 3620 etlibchly
1172 3551 1190 3604 1.
1208 3551 1227 3606 1.
1247 3553 1311 3606 16οε
1329 3567 1378 3619 „es
1396 3549 1519 3620 eriolgte
1535 3550 1581 3604 die
1596 3551 1785 3622 ausliefsrnng
1798 3551 1849 3605 der
1862 3552 1961 3608 udan

152 3634 212 3690 und
230 3635 275 3690 die
293 3633 471 3706 aulrichtung
489 3637 565 3690 sines
583 3637 808 3706 siegesaeichens
826 3652 882 3692 ron
901 3636 991 3691 seiten
1009 3635 1061 3691 der
1077 3634 1193 3705 balred„
1211 3636 1256 3690 die
1274 3635 1333 3690 sich
1356 3638 1425 3688 ύατα
1448 3636 1478 3689 in
1504 3651 1618 3706 gruem
1644 3637 1750 3706 parade
1773 3637 1961 3696 essentem

93 3782 96 3790 v
152 3722 245 3776 Aliter
261 3737 353 3791 neque
370 3737 437 3776 vero
455 3725 532 3777 recte
549 3721 707 3792 llertaberg
724 3723 743 3776 l.
761 3723 779 3778 l.
798 3723 831 3777 88
849 3726 879 3776 et
894 3721 1056 3776 Lachmann
1078 3722 1098 3775 1.
1120 3721 1140 3777 1.
1166 3723 1231 3788 167,
1258 3723 1306 3792 qui
1330 3721 1513 3798 Plutarchum
1542 3728 1710 3792 acquantum
1737 3739 1828 3794 neque
1853 3725 1959 3779 rectius

153 3807 240 3862 Grote
259 3808 315 3874 (ed.
331 3807 469 3864 Meissuer
485 3809 528 3864 lV
544 3809 607 3874 488)
626 3808 804 3864 dubitantem
821 3808 904 3878 fingit
920 3808 1082 3880 Agesilaum
1099 3809 1235 3864 uceritne
1253 3825 1349 3866 necne.

310 3895 335 3960 ι)
354 3895 402 3962 qni
420 3911 454 3948 ex
472 3893 616 3950 Plutarchi
634 3897 795 3951 narratione
812 3897 933 3952 victores
951 3912 982 3950 se
999 3899 1099 3964 putare
1116 3895 1243 3965 proiecto
1260 3899 1414 3964 potuerunt
1429 3911 1519 3966 neque
1533 3911 1601 3950 vero
1614 3911 1652 3950 ex
1663 3895 1869 3965 Xenophontis,
1886 3893 1959 3949 unde

152 3977 279 4045 sequitur
295 3976 516 4033 additamentum
535 3979 731 4035 Plutumhenm
751 3983 778 4038 et
798 3983 914 4054 Θηβαῖοι
935 4011 964 4020 -
984 3979 1124 4051 γεγονότες
1136 3984 1171 4048 (c.
1192 3982 1225 4034 18
1241 3979 1300 4049 fin.)
1319 3981 1350 4035 in
1367 3981 1437 4038 Hell.
1456 3982 1549 4036 locum
1566 3979 1672 4036 habere
1689 3997 1747 4035 non
1764 3981 1902 4050 potuisse,
1927 3983 1960 4034 ut

153 4061 200 4119 Gr.
225 4063 287 4117 vult
305 4065 363 4129 tos,
380 4065 440 4121 786.

309 4149 334 4214 ⁸)
352 4149 385 4203 In
403 4149 474 4208 Xan.
494 4152 578 4220 Ager.
596 4151 624 4204 ll
644 4153 677 4206 15
694 4150 836 4222 singulare
853 4152 907 4208 hoc
924 4153 1058 4222 tegimus:
1077 4151 1288 4215 συνελκύσαντες
1305 4159 1355 4218 (sc
1374 4154 1401 4208 ot
1412 4155 1524 4218 Λατεᾶ)
1541 4151 1608 4216 τούς
1623 4158 1679 4208 τῶν
1693 4153 1829 4221 πολεμίων
1845 4150 1959 4222 νεαρούς

151 4234 216 4290 aloe
233 4234 374 4305 φάλαγγος
392 4234 663 4308 ἐδειπνοποιήσαντο,
681 4255 752 4308 qnae
761 4235 794 4293 Fu
803 4237 914 4293 Curtius
933 4239 1000 4305 (111²
1021 4239 1082 4304 180)
1099 4254 1167 4292 vera
1182 4242 1286 4308 putans
1302 4243 1380 4304 (rere
1395 4239 1481 4308 tuisse
1494 4241 1623 4306 profecto
1637 4241 1766 4307 possunt)
1784 4238 1846 4306 ipss
1861 4235 1956 4304 tradit,

152 4323 263 4374 secutus
282 4320 343 4386 (cfr.
361 4337 425 4391 pag.
444 4325 497 4377 758
514 4322 576 4380 adn.
596 4325 640 4394 84)
660 4323 691 4379 L.
709 4325 873 4380 Herbstium
892 4326 945 4380 11.
964 4327 1025 4394 692,
1043 4341 1125 4394 quern
1142 4327 1235 4378 umen
1256 4324 1333 4392 justo
1359 4324 1422 4394 plns
1450 4325 1584 4378 tribuisse
1609 4323 1768 4392 putaverim
1793 4322 1890 4377 libello
1916 4321 1959 4376 illi

151 4402 332 4474 Xenophonti
351 4405 421 4460 fuleo
438 4407 575 4462 attribute
589 4408 722 4478 justoque
739 4409 832 4464 minus
849 4409 1002 4465 Hellenicis
1019 4410 1096 4479 ipsis.
1116 4439 1149 4451 -
1166 4411 1210 4464 De
1227 4410 1311 4464 variis
1335 4409 1518 4478 coniecturis,
1540 4425 1611 4478 quas
1635 4412 1668 4463 ut
1692 4409 1770 4462 loeus
1793 4408 1957 4462 tritissimus

150 4489 199 4544 ille
218 4495 332 4546 sanetur
348 4495 510 4562 propositae
529 4499 596 4548 sunt
614 4499 694 4563 (quas
712 4512 809 4550 omnes
827 4511 1047 4564 supervacaneas
1065 4496 1229 4565 putaverim,
1254 4511 1354 4550 cume
1377 4494 1457 4553 codd
1480 4493 1585 4550 tradita
1607 4493 1691 4548 lectio
1715 4492 1820 4548 bonum
1843 4479 1958 4548 fundere

151 4573 280 4630 rideatur
297 4585 420 4641 sensum)
442 4577 526 4634 adeas
544 4579 667 4634 editores
686 4580 722 4635 ad
738 4580 758 4658 1
777 4610 809 4622 -
828 4579 879 4635 cir.
898 4581 983 4635 etiam
1000 4580 1158 4652 Hert-aberg
1175 4581 1194 4634 l.
1212 4581 1229 4636 l.
1247 4582 1309 4650 880,
1328 4582 1378 4636 187
1396 4599 1439 4649 sq.

307 4663 333 4732 τ)
351 4661 533 4732 Praecipuum
549 4665 632 4734 hujus
649 4665 759 4720 itineris
778 4681 889 4720 oausam
907 4665 1037 4721 omissam
1055 4666 1091 4720 ab
1109 4667 1294 4736 epitomatore
1311 4667 1443 4736 praeberi
1460 4665 1642 4721 ePlutarcbo
1658 4667 1790 4733 (Uettios
1808 4663 1956 4736 ἀγομέναν,

150 4745 249 4804 τα1’
215 4767 267 4816 την
283 4767 313 4803 τε
330 4747 444 4819 πομπὴν
461 4748 578 4807 ἐπετέλει
594 4773 633 4825 τῳ
617 4756 705 4825 ’θεῷ
719 4750 871 4822 Ἀγησίλαος
887 4752 980 4808 σιτί’
951 4773 1003 4822 τοι
1020 4751 1138 4823 δενύτην
1154 4751 1262 4810 duitas
1280 4751 1426 4820 diuitiis,
1450 4768 1514 4807 cnm
1531 4751 1666 4807 decimam
1688 4768 1781 4821 nsque
1806 4757 1865 4806 tarn
1886 4749 1957 4803 cele·

151 4829 222 4884 riter
238 4849 328 4901 neque
346 4834 408 4888 ab
401 4851 463 4903 ipso
488 4836 616 4904 Agesilao
640 4836 770 4905 praeberi
796 4851 911 4893 necesse
937 4837 1043 4893 luisset.
1079 4838 1156 4907 Quae
1184 4839 1306 4894 affirmet
1332 4838 1459 4908 quidem,
1486 4838 1607 4907 probare
1631 4855 1689 4894 non
1717 4837 1820 4893 studet
1865 4835 1958 4890 Aliam

153 4931 266 4971 musam
283 4919 392 4986 profert
408 4919 490 4974 Diod
508 4911 589 4986 (XIV
607 4923 668 4990 84):
685 4923 769 4994 Ἆγησ.
788 4925 827 4987 είς
844 4923 970 4994 Δελφούς
988 4907 1128 4996 ίισμίσθη,
1146 4931 1224 4980 κατιεῖ
1246 4924 1298 4994 τὴν
1323 4923 1475 4996 lamium
1501 4929 1552 4981 τοῦ
1571 4923 1695 4994 remor
1713 4921 1848 4990 ἐποιεῖτο,
1874 4937 1957 4990 quarn

152 5002 274 5058 reddunt
291 5003 323 5060 E.
343 5005 456 5061 Curtius
475 5011 504 5060 et
520 5007 681 5078 Hertsberg
698 5009 726 5066 11
746 5010 790 5065 11·
783 5027 892 5080 ,qnam
911 5013 1005 5065 tamen
1023 5009 1111 5065 solam
1129 5011 1174 5067 vel
1191 5011 1371 5081 praecipuam
1388 5011 1473 5066 tuisse
1491 5009 1567 5066 credi
1584 5011 1631 5064 rix
1648 5014 1751 5079 potest

309 5091 335 5156 ⁸)
353 5092 372 5148 1
390 5092 408 5147 1
426 5108 473 5161 rs
491 5093 552 5146 ²5⁸

306 5177 331 5241 ⁸)
350 5175 398 5232 Gr.
417 5179 476 5246 105,
495 5180 564 5246 786·
582 5179 665 5250 cypr.
682 5195 728 5250 pg
746 5182 795 5237 76:
813 5182 888 5246 river
905 5183 995 5248 λείατ,·
1014 5180 1044 5238 ἑτι
1060 5187 1110 5239 τοῦ
1128 5180 1250 5250 τειμίνοο
1268 5183 1405 5252 φαίνεται,
1427 5180 1469 5239 ὅτι
1489 5181 1648 5239 Marivm
1672 5178 1708 5234 τὰ
1731 5179 1843 5249 ’aim‘
1867 5176 1903 5232 ’ἃ
1927 5174 1957 5232 ἕ*

149 5266 199 5330 τῆς
216 5257 247 5316 ἐν
264 5265 406 5334 Κορωνείᾳ
422 5263 520 5355 μύκης·
538 5262 606 5336 ὅπερ
624 5265 780 5322 ἀδύνατον·
799 5265 870 5322 διότι
887 5267 914 5324 cl
930 5266 1035 5337 mazel
1052 5265 1180 5336 ’Έλληνες
1196 5266 1245 5323 atr
1262 5267 1387 5336 εἴχετ’
1355 5287 1424 5326 τοτα
1441 5267 1530 5324 πόλλα
1546 5265 1749 5404 &dairmag
1740 5266 1780 5328 είς
1802 5264 1835 5320 τὸ
1852 5265 1955 5322 πεδίον.
