4820 6094
1030 573 1073 638 29

144 777 235 857 Quae
258 785 519 864 postremarum
543 777 600 841 vix
623 779 957 864 in-comparstionem
979 761 1104 867 possint
1125 783 1254 864 vocari,
1283 778 1340 844 illa
1363 801 1560 866 quamquam
1582 779 1698 846 eadem
1722 779 1825 846 verba
1847 792 1957 848 tamen

144 901 209 945 non
232 880 345 946 eodem
370 879 466 944 modo
489 880 664 966 conjuncta
682 902 755 945 cum
774 883 891 946 ceteris
910 904 1114 948 communem
1132 883 1298 949 Plutarchi
1318 892 1351 950 et
1367 883 1507 948 Diodori
1527 885 1649 948 fontem
1672 905 1735 950 non
1755 883 1904 970 probant.

298 1001 434 1065 Exitum
457 1023 587 1088 pugnae
610 1024 629 1065 a
658 999 835 1067 Plutarcho
866 1026 909 1068 ex
933 1001 1115 1071 Helleuicis
1138 1005 1289 1070 haustum
1313 1025 1384 1068 esse
1407 1014 1525 1090 putans
1547 1003 1686 1070 Bueohs.
1710 1025 1753 1068 ex
1775 1027 1856 1070 voce
1878 1010 1957 1074 διεκ-

142 1107 271 1189 πλεύσας
289 1107 416 1194 colligit
437 1107 649 1172 Plutarchum
667 1131 733 1172 ncn
757 1110 836 1173 satis
857 1115 1066 1198 perspexisse
1089 1114 1246 1177 rationem
1268 1129 1416 1197 pugnae,
1441 1130 1515 1174 cum
1538 1108 1648 1172 tradat
1670 1107 1876 1176 Alcibiadem
1897 1131 1958 1196 per

141 1231 242 1274 naves
265 1210 406 1277 hostium
425 1211 590 1298 fugientes
607 1221 798 1297 pervectum
821 1215 912 1298 prius
930 1235 986 1279 eas
1009 1214 1171 1280 delevisse
1189 1235 1286 1300 quam
1305 1221 1513 1299 persecutum
1532 1233 1602 1276 esse
1621 1211 1766 1276 homiues
1783 1213 1817 1277 in
1837 1223 1957 1278 terram

141 1315 379 1378 reservantes.
424 1313 522 1394 Quod
543 1323 634 1378 recte
657 1313 841 1402 disputasse
859 1315 898 1380 B.
921 1318 1002 1382 mihi
1026 1319 1157 1384 videtur
1179 1321 1207 1383 si
1229 1337 1290 1405 pro
1312 1315 1491 1381 Plutarcho
1514 1315 1634 1380 dicitur
1657 1315 1818 1402 Ephorus.

297 1434 418 1499 Differt
446 1431 556 1500 autem
583 1431 669 1500 Plut.
699 1458 720 1500 a
741 1436 961 1523 Xenophonte
990 1461 1029 1505 eo
1058 1439 1144 1528 quod
1176 1437 1264 1524 apud
1294 1435 1384 1502 illum
1417 1434 1607 1501 Alcibiades
1638 1437 1844 1522 persequitur
1864 1437 1957 1503 Pelo-

140 1539 315 1624 ponnesios
343 1537 387 1602 ad
415 1535 492 1602 litus
522 1538 700 1624 fugientes,
731 1560 804 1604 cum
834 1541 922 1628 apud
951 1541 1039 1607 hunc
1067 1543 1239 1607 circumire
1267 1541 1400 1606 studeat
1420 1539 1714 1626 Peloponnesios'
1705 1561 1740 1604 m
1769 1539 1898 1606 litore
1884 1563 1955 1629 Jam

140 1641 375 1758 puguantes¹);
404 1639 526 1704 deinde
555 1661 594 1704 eo
617 1637 705 1727 quod
726 1639 782 1708 ille
806 1664 871 1707 non
893 1654 1125 1710 commemorat
1153 1667 1254 1710 naves
1277 1643 1575 1742 Syracusanorum,
1599 1666 1680 1731 quas
1703 1643 1889 1730 Xenophon
1913 1645 1956 1709 ab

139 1743 220 1829 ipsis
243 1741 408 1806 ambustas
431 1763 503 1806 esse
526 1751 637 1808 narrat
659 1765 734 1808 cum
757 1753 887 1810 ceterae
911 1765 1024 1812 omues
1045 1769 1147 1813 naves
1170 1749 1212 1812 ab
1232 1746 1489 1812 Atheniensibus
1512 1755 1627 1833 captae
1647 1749 1723 1811 sint.
1768 1747 1854 1815 Plut
1873 1747 1956 1812 nihil

140 1846 241 1910 tradit
261 1848 340 1911 nisi.
371 1848 425 1926 ταῖς
446 1849 519 1926 ναῦς
540 1849 661 1927 ἁπάσας
682 1849 808 1932 ἔλαβον,
840 1870 926 1935 quae
947 1850 996 1915 sic
1014 1851 1115 1915 scribi
1136 1873 1202 1917 non
1225 1851 1400 1970 potuisset,
1424 1851 1452 1914 si
1475 1849 1760 1936 Xenophontem
1750 1871 1858 1937 ipsum
1880 1859 1957 1916 ante

139 1949 249 2014 oculos
271 1948 445 2015 habuisset.
490 1948 611 2015 Differt
640 1950 783 2038 denique
813 1971 834 2014 a
855 1951 1077 2038 Xenophonte
1107 1953 1244 2020 etiam
1234 1977 1269 2018 m
1293 1955 1339 2017 eis
1374 1974 1457 2039 quae
1480 1952 1522 2018 de
1546 1963 1667 2019 eveum
1689 1975 1821 2041 pugnae
1844 1953 1954 2033 tradit,

139 2073 213 2116 cum
236 2073 302 2116 non
331 2051 490 2138 praebeat
518 2075 602 2138 quae
625 2052 711 2118 Xen.
735 2051 834 2118 habet
857 2055 904 2139 95.
931 2056 1085 2123 19-23:
1116 2057 1174 2122 sed
1197 2057 1280 2122 haec
1310 2066 1449 2122 tantum:
1482 2059 1519 2124 ου’
1539 2059 1635 2140 μόνον
1656 2060 1711 2124 cdv
1730 2059 1956 2144 Ἑλλήσποντον

137 2154 224 2242 εἶχον
245 2159 375 2240 βεβαίως
402 2156 484 2224 ditat
506 2162 556 2224 uui
578 2164 637 2244 τῆς
658 2159 754 2244 ἄλλης
776 2161 936 2245 θαλάττης
958 2163 1114 2248 ἐξήλασαν
1135 2163 1214 2228 κατὰ
1243 2163 1352 2250 κράτος
1373 2161 1445 2239 τούς
1470 2163 1748 2243 Λακεδαιμονίους,
1782 2183 1865 2247 quae
1888 2183 1954 2226 non

137 2259 320 2344 putaverim
350 2260 462 2324 inania
491 2281 563 2324 esse
592 2259 760 2338 (Buecbs.:
797 2261 1112 2349 „gegenstandslose
1140 2263 1380 2348 bemerkung“)
1419 2283 1494 2328 cum
1524 2263 1677 2327 'breviter
1711 2284 1822 2328 rerum
1850 2273 1954 2329 status

136 2362 241 2449 qualis
270 2362 368 2428 fuant
399 2363 617 2443 ostendant2).
662 2363 734 2429 Non
764 2366 869 2452 magis
897 2387 1012 2432 verum
1042 2377 1107 2450 est,
1138 2367 1226 2454 quod
1254 2367 1336 2431 dicit
1363 2365 1522 2447 Buechs.,
1555 2365 1832 2430 Lacedaemonios
1854 2364 1953 2430 aliam

137 2465 274 2530 classem
297 2486 363 2531 non
385 2464 553 2545 habuisse;
584 2468 640 2554 qui
670 2469 758 2532 enim
781 2466 868 2533 Hell.
892 2469 908 2532 I
929 2469 968 2552 3,
993 2471 1033 2536 17
1057 2469 1317 2558 Agesandridas,
1345 2471 1402 2558 qui
1429 2471 1465 2534 in
1488 2468 1648 2536 Thraciae
1671 2468 1766 2533 litore
1789 2465 1954 2534 nonnullis

135 2570 274 2636 navibus
296 2579 462 2657 praeerat,
486 2569 552 2635 dici
575 2571 682 2656 potuit
702 2574 850 2660 ἔπρθαίτης
871 2573 915 2640 niv
937 2576 1113 2662 Μινδάρου,
1137 2596 1210 2638 cum
1234 2573 1404 2638 Mindarus
1427 2574 1460 2638 in
1484 2594 1596 2660 pugna
1621 2572 1786 2658 Cyzicena
1807 2581 1954 2638 mortuus

136 2684 223 2740 esset
245 2672 345 2760 (Hell.
369 2673 386 2738 Ι
410 2674 445 2752 1,
472 2675 540 2758 18),
564 2674 627 2738 nisi
645 2675 716 2759 jam
740 2697 778 2739 ec
801 2677 879 2740 vivo
902 2678 1034 2741 navium
1057 2675 1187 2742 illarum
1210 2677 1326 2742 fuisset
1348 2663 1472 2755 dus3³l

290 2793 392 2860 Recte
415 2794 557 2882 denique
579 2794 719 2864 Buechs.
742 2795 883 2862 affirmat
905 2795 1105 2884 cyprianum
1127 2795 1245 2862 falsum
1267 2819 1354 2879 esse,
1378 2798 1433 2882 qui
1457 2793 1522 2860 sibi
1544 2796 1675 2868 uidetur
1697 2794 1952 2882 deprehendisse

134 2901 380 2985 epitomatorem
403 2900 450 2991 ἐπ’
473 2897 691 2993 αὐταφπίρῳῆ.
737 2901 881 2982 Causam
911 2900 998 2966 enim
1027 2922 1092 2965 non
1123 2897 1309 2987 intelligens
1341 2899 1383 2964 ob
1406 2922 1503 2987 quam
1527 2899 1684 2964 articulus
1707 2900 1832 2986 positus
1853 2898 1950 2963 sitin

134 2999 246 3067 verbis
268 3002 310 3086 (ξ.
335 3002 405 3085 18);
425 3004 508 3069 Ἀλκ.
531 3011 597 3083 ταῖς
619 3001 711 3070 εἴκοσι
733 3007 797 3070 τῶν
818 3009 894 3072 νεῶν
916 3003 1124 3091 περιπλεύσας,
1146 3025 1168 3067 a
1183 3001 1360 3066 Plutarcho
1383 3011 1476 3088 putat
1497 3004 1660 3066 veriorem
1681 3001 1855 3066 lectionem
1879 3023 1950 3066 esse

134 3112 315 3171 servatam:
338 3104 432 3173 rixosa
455 3113 522 3188 ταῖς
544 3108 695 3194 α’ρίσταις,
719 3116 817 3195 atque
840 3117 897 3172 aut
919 3129 939 3170 a
960 3104 1179 3192 Xenophonte
1198 3106 1356 3190 scriptum
1382 3127 1454 3170 esse
1475 3113 1542 3185 ταῖς
1570 3105 1692 3191 [ἄριστα
1714 3105 1886 3191 πλεούσας]
1907 3104 1952 3172 εἴ·

133 3231 199 3275 κοσι
220 3211 283 3275 τῶν
303 3213 393 3288 νεῶν,
422 3207 464 3272 ab
488 3201 699 3295 epitomator'e
728 3218 837 3274 autem
865 3209 930 3274 duo
959 3208 1019 3272 illa
1040 3207 1143 3274 verba
1172 3209 1280 3295 ejecta
1309 3231 1398 3288 esse,
1429 3217 1486 3274 aut
1507 3207 1761 3295 Xenophontem
1784 3209 1949 3294 copiosius

134 3312 176 3378 de
198 3311 316 3399 viginti
347 3310 398 3376 his
421 3311 560 3377 navibus
583 3312 789 3398 exposuisse,
819 3313 1067 3398 epitomatorem
1101 3333 1141 3376 ea
1164 3314 1273 3377 omnia
1295 3313 1450 3376 omisisse.
1496 3310 1615 3377 Melius
1637 3333 1734 3400 quam
1759 3309 1859 3396 Cypr.
1883 3310 1963 3386 edi,

132 3426 222 3481 tores
250 3416 317 3480 vim
346 3413 475 3480 articuli
504 3414 749 3480 intellexerunt.
800 3415 883 3480 Nam
914 3437 989 3480 cum
1017 3424 1092 3501 post
1113 3413 1358 3502 Hempeliumll
1388 3413 1487 3479 scribi
1512 3413 1686 3499 jubentem
1716 3417 1793 3480 νεῶν
1820 3421 1888 3492 ταῖς
1916 3411 1952 3480 al

133 3517 292 3598 πλεούσας
314 3519 458 3584 Zeunius
486 3528 635 3607 putasset
665 3540 763 3584 voces
791 3527 861 3600 ταῖς
882 3521 1020 3606 ἀρίσταις
1051 3541 1094 3584 ex
1117 3517 1292 3583 Plutarcho
1321 3539 1394 3582 esse
1424 3515 1608 3604 supplenda
1635 3516 1789 3602 idemque
1818 3515 1950 3595 Peterl)
2004 3521 2013 3536 ⁸

131 3622 369 3704 contendisset,
403 3621 546 3686 editores
569 3619 741 3688 articulum
762 3623 810 3686 ita
831 3620 1054 3687 defendebant
1076 3632 1113 3688 ut
1135 3621 1283 3688 dicerent
1304 3619 1528 3686 numeralibus
1551 3642 1649 3706 saepe
1671 3617 1845 3684 articulum
1867 3618 1945 3684 addi

131 3727 161 3792 si
183 3735 286 3791 totum
308 3725 438 3813 aliquod
461 3726 554 3813 cujus
575 3738 686 3812 partes
703 3724 761 3790 illa
783 3725 942 3791 deliniant
963 3733 1061 3791 antea
1082 3725 1205 3791 dictum
1227 3733 1284 3790 aut
1306 3747 1349 3790 ex
1372 3725 1420 3789 eis
1443 3745 1527 3811 quae
1550 3723 1746 3788 antecedant
1768 3733 1880 3787 notum
1898 3723 1952 3802 sit,

133 3841 233 3917 atque
256 3829 318 3915 hoc
340 3828 412 3894 loco
434 3836 548 3894 totum‘
559 3828 683 3897 dictum
706 3851 778 3896 esse
801 3831 831 3916 ξ.
856 3829 906 3894 13.
951 3828 1087 3894 Confert
1109 3828 1211 3894 Breit.
1234 3828 1342 3894 Thuk.
1366 3827 1383 3892 I
1405 3828 1478 3908 116,
1503 3830 1538 3911 1;
1562 3825 1644 3891 VIII
1666 3826 1718 3906 39,
1742 3826 1780 3910 33
1805 3825 1884 3902 102,
1908 3824 1948 3906 ὃς

130 3933 251 3998 Buchs.
275 3931 449 4016 Hell..16,
474 3933 531 3998 26:
555 3942 621 4012 ταῖς
643 3931 736 3999 εἴκοσι
759 3937 808 3999 καὶ
829 3933 937 4001 {aare
957 3935 1118 4018 ἀναχθείς,
1139 3931 1203 3996 VH
1221 3933 1252 4012 5,
1277 3933 1320 3998 10
1340 3941 1403 4001 τῶν
1425 3933 1528 4018 λόχων
1549 3933 1667 3999 δώδεκα
1688 3931 1784 3998 ὄντων
1807 3931 1836 3994 οῖ
1858 3936 1948 4014 τρεῖς,

131 4039 251 4126 quibus
273 4035 360 4102 eddo
383 4036 446 4102 An.
470 4034 501 4099 V
521 4037 560 4116 4,
586 4037 643 4100 Il:
666 4047 762 4121 τριῖς,
785 4031 828 4104 ὦν
850 4037 879 4102 oi
900 4039 959 4120 μὲν
980 4037 1036 4102 ddo
1057 4074 1097 4084 -
1119 4041 1138 4104 α’
1158 4040 1194 4104 δὲ
1216 4033 1259 4117 ιίς
1278 4066 1338 4117 -ς
1361 4036 1442 4123 Kyr.
1461 4034 1526 4100 VII
1546 4035 1582 4119 1,
1605 4035 1664 4100 24:
1683 4045 1763 4122 τρεῖς
1779 4071 1823 4084 -
1845 4037 1869 4120 ἦ
1889 4035 1948 4116 μὲν

128 4145 190 4226 μία
211 4179 254 4192 —-
276 4147 320 4210 rui
336 4144 372 4209 δὲ
393 4143 492 4217 δείοῖ).
537 4139 651 4227 Itaque
673 4141 756 4205 haec
777 4160 905 4228 quoque
929 4138 1063 4204 offensio
1086 4137 1278 4226 Cypriani⁸)
1301 4139 1409 4204 inanis
1432 4150 1492 4205 est

289 4401 314 4466 ¹)
332 4396 383 4456 cir.
400 4396 590 4452 Breitenbach
607 4396 649 4454 ι·1.
666 4413 736 4452 ιιιιιι.
757 4397 818 4452 boll.
889 4453 892 4462 ,

289 4484 348 4552 ²),
349 4482 460 4538 lreilich
479 4485 532 4538 mtt
549 4483 658 4553 einiger
673 4481 942 4552 uberueibung‘w.
958 4481 1051 4552 Peter,
1069 4479 1228 4551 Zeittaieln,
1244 4496 1310 4552 pag.
1328 4482 1361 4536 81
1380 4484 1440 4536 not
1459 4437 1519 4536 loo.

288 4571 315 4638 ⁸)
334 4570 420 4626 Grote
437 4569 506 4625 VIII
524 4571 591 4627 164:
609 4568 687 4636 „The
705 4567 939 4638 peloponnesians
956 4567 1012 4622 had
1029 4585 1094 4622 now
1109 4585 1147 4622 no
1164 4569 1231 4624 flent
1248 4569 1301 4635 os'
1290 4576 1450 4636 tmportcme
1462 4568 1492 4622 in
1503 4566 1579 4636 Asia,
1598 4563 1706 4636 though
1723 4563 1791 4634 they
1807 4563 1947 4634 probably

129 4657 190 4713 still
208 4657 337 4713 retained
356 4676 373 4712 a
390 4657 472 4712 small
489 4657 631 4726 squsdron
649 4659 680 4712 st
697 4653 747 4709 the
766 4654 871 4709 station
889 4653 921 4709 ο1
934 4653 1075 4709 Miletus!t
1095 4655 1196 4708 e—lr.
1213 4651 1340 4724 Krueger
1357 4653 1394 4708 sd
1412 4653 1495 4708 Dion.
1513 4654 1565 4708 824
1583 4669 1624 4722 sq.

290 4744 440 4813 oppos.
472 4742 806 4814 α1ι.Φιλστωρ413.-
828 4743 946 4809 ⁵)spac
965 4755 1028 4794 nor.
1046 4738 1121 4794 usu
1138 4740 1310 4811 recensionis
1328 4755 1391 4810 pag.
1411 4740 1437 4794 5.

291 4827 813 4896 ο)σοιιιιιι.ιιι.ι1ιιΧαιι.11111.ριις
831 4827 926 4883 22.-
945 4803 1157 4882 eoncedendum
1176 4831 1222 4881 est
1237 4825 1369 4882 facillime
1386 4839 1434 4878 eas
1452 4837 1535 4878 voees
1553 4821 1594 4876 its
1611 4822 1740 4878 excidere
1765 4823 1891 4892 potuisse
1914 4825 1948 4876 nt

128 4913 239 4969 librarii
258 4915 355 4970 oculus
373 4915 598 4970 aberravisssta
621 4929 690 4969 voce
715 4921 799 4978 ταῖς
823 4912 859 4967 ad
876 4913 983 4967 exitum
1007 4912 1083 4967 vocis
1100 4911 1333 4976 aecedente-
1302 4910 1401 4964 -.clr
1420 4909 1595 4980 Hmctldqc
1612 4906 1631 4962 l.
1650 4907 1668 4962 l.
1687 4911 1793 4963 1lo.-
1805 4909 1884 4963 Breit
1901 4907 1944 4962 rh.

130 5018 203 5058 mus.
222 5001 274 5056 507
292 5002 395 5070 probat
412 5001 497 5071 plane
515 5001 598 5056 aliam
617 4999 737 5056 eradere
754 4999 922 5054 seutentiam
940 4999 965 5053 si
982 5014 1065 5054 voces
1082 4998 1148 5052 illae
1165 4995 1348 5066 Xenophonti
1365 4993 1513 5049 addantur.

287 5087 312 5154 ²)
331 5086 381 5144 eir.
399 5085 527 5158 limeger
545 5103 662 5157 gramm.
680 5087 722 5153 11)
740 5087 766 5153 2,
783 5087 815 5152 83
834 5084 871 5139 nd
888 5086 1001 5154 Dionys.
1020 5101 1066 5155 pg.
1084 5083 1163 5152 LXI3
1181 5100 1246 5153 pag.
1263 5082 1356 5150 8083
1348 5097 1377 5134 ιιι
1395 5079 1489 5135 iudice
1502 5079 1591 5136 'Ihuln
1608 5097 1635 5136 ιι.
1653 5079 1788 5149 „ertilrsl“
1801 5081 1832 5133 4·
1845 5079 1944 5136 decem

127 5173 204 5228 locos
222 5171 420 5242 Thnlsydideos
439 5172 537 5227 eodem
554 5171 639 5226 modo
656 5174 831 5240 comparatos
850 5169 1027 5240 afferentem
1045 5169 1159 5239 Herbst,
1178 5165 1344 5238 „Ruekkehr
1360 5165 1411 5221 des
1428 5165 1511 5222 alliu
1523 5183 1587 5236 pag.
1595 5168 1629 5220 41
1641 5185 1647 5231 3
1660 5164 1790 5220 Hertlein
1802 5181 1867 5220 nov.
1880 5182 1944 5224 sun.

128 5259 197 5328 phil.
215 5261 258 5326 75,
275 5261 344 5326 70ος
364 5259 478 5314 Classen
496 5257 532 5312 sd
549 5257 638 5312 Ihuk.
655 5256 669 5312 I
688 5257 746 5325 116,
766 5258 791 5312 1.

288 5345 313 5412 ⁸)
332 5361 413 5416 quam
433 5344 565 5400 similiter
581 5345 666 5400 etiam
683 5343 793 5414 profert
811 5341 859 5396 Gr.
878 5343 936 5412 loo,
954 5342 1014 5410 731,
1032 5343 1197 5410 argumento
1214 5339 1293 5394 nullo
1311 5339 1416 5396 addito.
