<?xml version="1.0" encoding="UTF-8"?>
<!DOCTYPE html PUBLIC "-//W3C//DTD XHTML 1.0 Transitional//EN"
    "http://www.w3.org/TR/xhtml1/DTD/xhtml1-transitional.dtd">
<html xmlns="http://www.w3.org/1999/xhtml" xml:lang="en" lang="en">
 <head>
  <title>
</title>
<meta http-equiv="Content-Type" content="text/html;charset=utf-8" />
  <meta name='ocr-system' content='tesseract 3.04.00' />
  <meta name='ocr-capabilities' content='ocr_page ocr_carea ocr_par ocr_line ocrx_word'/>
</head>
<body>
  <div class='ocr_page' id='page_1' title='image "./dexenophontishe00vollgoog_0029.png"; bbox 0 0 4820 6094; ppageno 0'>
   <div class='ocr_carea' id='block_1_1' title="bbox 1255 497 1409 596">
    <p class='ocr_par' dir='ltr' id='par_1_1' title="bbox 1255 497 1409 596">
     <span class='ocr_line' id='line_1_1' title="bbox 1255 497 1409 596; baseline 0 -36"><span class='ocrx_word' id='word_1_1' title='bbox 1255 497 1409 596; x_wconf 52' lang='lat' dir='ltr'>ge-</span> 
     </span>
    </p>
   </div>
   <div class='ocr_carea' id='block_1_2' title="bbox 429 699 2242 1305">
    <p class='ocr_par' dir='ltr' id='par_1_2' title="bbox 429 699 2242 1305">
     <span class='ocr_line' id='line_1_2' title="bbox 429 699 2237 788; baseline -0.005 -17"><span class='ocrx_word' id='word_1_2' title='bbox 429 704 592 771; x_wconf 87' lang='lat' dir='ltr'>dicentem</span> <span class='ocrx_word' id='word_1_3' title='bbox 614 703 721 768; x_wconf 88' lang='lat' dir='ltr'>facit</span> <span class='ocrx_word' id='word_1_4' title='bbox 715 724 779 768; x_wconf 92' lang='lat' dir='ltr'>non</span> <span class='ocrx_word' id='word_1_5' title='bbox 804 702 917 768; x_wconf 87' lang='lat' dir='ltr'>eadem</span> <span class='ocrx_word' id='word_1_6' title='bbox 939 701 1027 788; x_wconf 87' lang='lat' dir='ltr'>apud</span> <span class='ocrx_word' id='word_1_7' title='bbox 1049 700 1259 768; x_wconf 75' lang='lat' dir='ltr'><strong>Plutarchum</strong></span> <span class='ocrx_word' id='word_1_8' title='bbox 1283 702 1436 788; x_wconf 85' lang='lat' dir='ltr'>leguntur</span> <span class='ocrx_word' id='word_1_9' title='bbox 1459 699 1615 788; x_wconf 84' lang='lat' dir='ltr'>colligens</span> <span class='ocrx_word' id='word_1_10' title='bbox 1640 701 1848 766; x_wconf 79' lang='lat' dir='ltr'>Plutarchum</span> <span class='ocrx_word' id='word_1_11' title='bbox 1872 722 1937 764; x_wconf 89' lang='lat' dir='ltr'>non</span> <span class='ocrx_word' id='word_1_12' title='bbox 1960 723 2003 767; x_wconf 84' lang='lat' dir='ltr'>ex</span> <span class='ocrx_word' id='word_1_13' title='bbox 2032 699 2101 764; x_wconf 91' lang='lat' dir='ltr'>solo</span> <span class='ocrx_word' id='word_1_14' title='bbox 2129 699 2237 764; x_wconf 89' lang='lat' dir='ltr'>Xeno·</span> 
     </span>
     <span class='ocr_line' id='line_1_3' title="bbox 430 803 2240 894; baseline -0.003 -22"><span class='ocrx_word' id='word_1_15' title='bbox 430 807 553 894; x_wconf 87' lang='lat' dir='ltr'>phonte</span> <span class='ocrx_word' id='word_1_16' title='bbox 577 805 724 870; x_wconf 77' lang='lat' dir='ltr'>hausisse</span> <span class='ocrx_word' id='word_1_17' title='bbox 748 805 805 869; x_wconf 87' lang='lat' dir='ltr'>sed</span> <span class='ocrx_word' id='word_1_18' title='bbox 829 827 870 868; x_wconf 86' lang='lat' dir='ltr'>ex</span> <span class='ocrx_word' id='word_1_19' title='bbox 893 805 956 869; x_wconf 91' lang='lat' dir='ltr'>alio</span> <span class='ocrx_word' id='word_1_20' title='bbox 980 806 1079 870; x_wconf 91' lang='lat' dir='ltr'>etiam</span> <span class='ocrx_word' id='word_1_21' title='bbox 1101 807 1200 887; x_wconf 80' lang='lat' dir='ltr'>fonte,</span> <span class='ocrx_word' id='word_1_22' title='bbox 1223 828 1290 870; x_wconf 89' lang='lat' dir='ltr'>non</span> <span class='ocrx_word' id='word_1_23' title='bbox 1311 816 1402 871; x_wconf 90' lang='lat' dir='ltr'>reete</span> <span class='ocrx_word' id='word_1_24' title='bbox 1419 805 1592 892; x_wconf 87' lang='lat' dir='ltr'>judicavit.</span> <span class='ocrx_word' id='word_1_25' title='bbox 1636 803 1767 870; x_wconf 81' lang='lat' dir='ltr'>Revera</span> <span class='ocrx_word' id='word_1_26' title='bbox 1796 827 1839 871; x_wconf 87' lang='lat' dir='ltr'>ex</span> <span class='ocrx_word' id='word_1_27' title='bbox 1864 805 2085 892; x_wconf 79' lang='lat' dir='ltr'>Xenophonte</span> <span class='ocrx_word' id='word_1_28' title='bbox 2114 811 2240 890; x_wconf 87' lang='lat' dir='ltr'>sumpta</span> 
     </span>
     <span class='ocr_line' id='line_1_4' title="bbox 430 907 2238 996; baseline -0.003 -20"><span class='ocrx_word' id='word_1_29' title='bbox 430 909 512 976; x_wconf 88' lang='lat' dir='ltr'>haee</span> <span class='ocrx_word' id='word_1_30' title='bbox 534 909 638 975; x_wconf 87' lang='lat' dir='ltr'>verba</span> <span class='ocrx_word' id='word_1_31' title='bbox 658 931 726 972; x_wconf 90' lang='lat' dir='ltr'>non</span> <span class='ocrx_word' id='word_1_32' title='bbox 748 918 822 972; x_wconf 87' lang='lat' dir='ltr'>sunt</span> <span class='ocrx_word' id='word_1_33' title='bbox 843 930 951 994; x_wconf 90' lang='lat' dir='ltr'>neque</span> <span class='ocrx_word' id='word_1_34' title='bbox 974 908 1061 996; x_wconf 89' lang='lat' dir='ltr'>apud</span> <span class='ocrx_word' id='word_1_35' title='bbox 1085 931 1158 973; x_wconf 90' lang='lat' dir='ltr'>eum</span> <span class='ocrx_word' id='word_1_36' title='bbox 1181 907 1289 974; x_wconf 88' lang='lat' dir='ltr'>locum</span> <span class='ocrx_word' id='word_1_37' title='bbox 1312 909 1434 974; x_wconf 87' lang='lat' dir='ltr'>hahere</span> <span class='ocrx_word' id='word_1_38' title='bbox 1456 912 1642 994; x_wconf 83' lang='lat' dir='ltr'>possunt¹);</span> <span class='ocrx_word' id='word_1_39' title='bbox 1666 907 1764 994; x_wconf 92' lang='lat' dir='ltr'>plane</span> <span class='ocrx_word' id='word_1_40' title='bbox 1787 929 1865 973; x_wconf 87' lang='lat' dir='ltr'>vero</span> <span class='ocrx_word' id='word_1_41' title='bbox 1888 907 2048 974; x_wconf 80' lang='lat' dir='ltr'>credibile</span> <span class='ocrx_word' id='word_1_42' title='bbox 2077 929 2151 971; x_wconf 90' lang='lat' dir='ltr'>cum</span> <span class='ocrx_word' id='word_1_43' title='bbox 2175 927 2238 972; x_wconf 90' lang='lat' dir='ltr'>non</span> 
     </span>
     <span class='ocr_line' id='line_1_5' title="bbox 430 1009 2239 1098; baseline -0.002 -20"><span class='ocrx_word' id='word_1_44' title='bbox 430 1017 473 1078; x_wconf 93' lang='lat' dir='ltr'>sit</span> <span class='ocrx_word' id='word_1_45' title='bbox 494 1023 561 1078; x_wconf 86' lang='lat' dir='ltr'>tarn</span> <span class='ocrx_word' id='word_1_46' title='bbox 584 1014 716 1079; x_wconf 86' lang='lat' dir='ltr'>brevem</span> <span class='ocrx_word' id='word_1_47' title='bbox 740 1012 929 1077; x_wconf 76' lang='lat' dir='ltr'>concionem</span> <span class='ocrx_word' id='word_1_48' title='bbox 951 1035 995 1076; x_wconf 84' lang='lat' dir='ltr'>ex</span> <span class='ocrx_word' id='word_1_49' title='bbox 1023 1010 1173 1097; x_wconf 91' lang='lat' dir='ltr'>pluribus</span> <span class='ocrx_word' id='word_1_50' title='bbox 1201 1012 1265 1090; x_wconf 80' lang='lat' dir='ltr'>(vel</span> <span class='ocrx_word' id='word_1_51' title='bbox 1295 1012 1435 1097; x_wconf 87' lang='lat' dir='ltr'>duobus)</span> <span class='ocrx_word' id='word_1_52' title='bbox 1457 1013 1601 1076; x_wconf 89' lang='lat' dir='ltr'>fontibus</span> <span class='ocrx_word' id='word_1_53' title='bbox 1640 1035 1661 1076; x_wconf 90' lang='lat' dir='ltr'>a</span> <span class='ocrx_word' id='word_1_54' title='bbox 1694 1010 1870 1077; x_wconf 79' lang='lat' dir='ltr'>Plutarcho</span> <span class='ocrx_word' id='word_1_55' title='bbox 1912 1033 1983 1076; x_wconf 89' lang='lat' dir='ltr'>esse</span> <span class='ocrx_word' id='word_1_56' title='bbox 2023 1009 2239 1098; x_wconf 78' lang='lat' dir='ltr'>compilatam,</span> 
     </span>
     <span class='ocr_line' id='line_1_6' title="bbox 430 1111 2242 1201; baseline -0.002 -20"><span class='ocrx_word' id='word_1_57' title='bbox 430 1117 512 1182; x_wconf 90' lang='lat' dir='ltr'>nihil</span> <span class='ocrx_word' id='word_1_58' title='bbox 535 1111 741 1181; x_wconf 79' lang='lat' dir='ltr'>statuendum</span> <span class='ocrx_word' id='word_1_59' title='bbox 764 1115 895 1179; x_wconf 89' lang='lat' dir='ltr'>videtur</span> <span class='ocrx_word' id='word_1_60' title='bbox 918 1115 982 1179; x_wconf 91' lang='lat' dir='ltr'>nisi</span> <span class='ocrx_word' id='word_1_61' title='bbox 1004 1137 1049 1180; x_wconf 85' lang='lat' dir='ltr'>ex</span> <span class='ocrx_word' id='word_1_62' title='bbox 1070 1114 1202 1200; x_wconf 83' lang='lat' dir='ltr'>Ephoro</span> <span class='ocrx_word' id='word_1_63' title='bbox 1226 1117 1335 1182; x_wconf 88' lang='lat' dir='ltr'>omnia</span> <span class='ocrx_word' id='word_1_64' title='bbox 1357 1115 1474 1180; x_wconf 89' lang='lat' dir='ltr'>hausta</span> <span class='ocrx_word' id='word_1_65' title='bbox 1495 1137 1583 1198; x_wconf 89' lang='lat' dir='ltr'>esse,</span> <span class='ocrx_word' id='word_1_66' title='bbox 1613 1116 1669 1201; x_wconf 92' lang='lat' dir='ltr'>qui</span> <span class='ocrx_word' id='word_1_67' title='bbox 1698 1114 1794 1180; x_wconf 90' lang='lat' dir='ltr'>aliter</span> <span class='ocrx_word' id='word_1_68' title='bbox 1811 1137 1908 1201; x_wconf 88' lang='lat' dir='ltr'>quarn</span> <span class='ocrx_word' id='word_1_69' title='bbox 1941 1114 2127 1199; x_wconf 88' lang='lat' dir='ltr'>Xenophon</span> <span class='ocrx_word' id='word_1_70' title='bbox 2157 1113 2242 1180; x_wconf 91' lang='lat' dir='ltr'>Alci·</span> 
     </span>
     <span class='ocr_line' id='line_1_7' title="bbox 431 1219 948 1305; baseline -0.004 -21"><span class='ocrx_word' id='word_1_71' title='bbox 431 1219 538 1285; x_wconf 90' lang='lat' dir='ltr'>biadis</span> <span class='ocrx_word' id='word_1_72' title='bbox 560 1219 663 1283; x_wconf 85' lang='lat' dir='ltr'>verba</span> <span class='ocrx_word' id='word_1_73' title='bbox 684 1219 913 1305; x_wconf 89' lang='lat' dir='ltr'>oomposuerit.</span> <span class='ocrx_word' id='word_1_74' title='bbox 918 1220 948 1296; x_wconf 76' lang='grc'>2)</span> 
     </span>
    </p>
   </div>
   <div class='ocr_carea' id='block_1_3' title="bbox 375 1283 2253 2853">
    <p class='ocr_par' dir='ltr' id='par_1_3' title="bbox 375 1283 2247 2233">
     <span class='ocr_line' id='line_1_8' title="bbox 588 1283 2242 1410; baseline 0 -24"><span class='ocrx_word' id='word_1_75' title='bbox 588 1320 772 1408; x_wconf 76' lang='lat' dir='ltr'>Cyprianus</span> <span class='ocrx_word' id='word_1_76' title='bbox 801 1321 844 1386; x_wconf 91' lang='lat' dir='ltr'>de</span> <span class='ocrx_word' id='word_1_77' title='bbox 865 1322 915 1406; x_wconf 63' lang='grc' dir='ltr'>ἕξ.</span> <span class='ocrx_word' id='word_1_78' title='bbox 940 1320 982 1384; x_wconf 88' lang='grc'>14</span> <span class='ocrx_word' id='word_1_79' title='bbox 1012 1329 1045 1384; x_wconf 91' lang='lat' dir='ltr'>et</span> <span class='ocrx_word' id='word_1_80' title='bbox 1067 1321 1108 1385; x_wconf 89' lang='lat'>15</span> <span class='ocrx_word' id='word_1_81' title='bbox 1131 1283 1303 1407; x_wconf 82' lang='lat' dir='ltr'>disphtens</span> <span class='ocrx_word' id='word_1_82' title='bbox 1325 1320 1422 1386; x_wconf 87' lang='lat' dir='ltr'>talem</span> <span class='ocrx_word' id='word_1_83' title='bbox 1447 1303 1685 1400; x_wconf 81' lang='lat' dir='ltr'>confusionem,</span> <span class='ocrx_word' id='word_1_84' title='bbox 1710 1331 1746 1387; x_wconf 91' lang='lat' dir='ltr'>ut</span> <span class='ocrx_word' id='word_1_85' title='bbox 1768 1344 1789 1386; x_wconf 88' lang='lat' dir='ltr'>a</span> <span class='ocrx_word' id='word_1_86' title='bbox 1810 1323 1937 1409; x_wconf 80' lang='grc' dir='ltr'>ταύτην</span> <span class='ocrx_word' id='word_1_87' title='bbox 1948 1349 2007 1409; x_wconf 87' lang='grc' dir='ltr'>την</span> <span class='ocrx_word' id='word_1_88' title='bbox 2029 1323 2150 1410; x_wconf 80' lang='grc' dir='ltr'>ημέραν</span> <span class='ocrx_word' id='word_1_89' title='bbox 2170 1341 2242 1407; x_wconf 90' lang='lat' dir='ltr'>pro-</span> 
     </span>
     <span class='ocr_line' id='line_1_9' title="bbox 432 1421 2243 1518; baseline 0 -30"><span class='ocrx_word' id='word_1_90' title='bbox 432 1423 600 1512; x_wconf 87' lang='lat' dir='ltr'>grediatur</span> <span class='ocrx_word' id='word_1_91' title='bbox 627 1424 771 1488; x_wconf 87' lang='lat' dir='ltr'>narratio</span> <span class='ocrx_word' id='word_1_92' title='bbox 802 1421 844 1488; x_wconf 84' lang='lat' dir='ltr'>ad</span> <span class='ocrx_word' id='word_1_93' title='bbox 866 1427 964 1517; x_wconf 80' lang='grc' dir='ltr'>τῆδὲ</span> <span class='ocrx_word' id='word_1_94' title='bbox 985 1427 1148 1516; x_wconf 72' lang='grc' dir='ltr'>ὑστεραία,</span> <span class='ocrx_word' id='word_1_95' title='bbox 1178 1423 1257 1489; x_wconf 88' lang='lat' dir='ltr'>inde</span> <span class='ocrx_word' id='word_1_96' title='bbox 1282 1425 1338 1508; x_wconf 61' lang='grc' dir='ltr'>(ξπ</span> <span class='ocrx_word' id='word_1_97' title='bbox 1351 1424 1472 1509; x_wconf 83' lang='lat' dir='ltr'>15)1ad</span> <span class='ocrx_word' id='word_1_98' title='bbox 1492 1433 1535 1518; x_wconf 79' lang='grc' dir='ltr'>τῇ</span> <span class='ocrx_word' id='word_1_99' title='bbox 1555 1429 1590 1494; x_wconf 79' lang='grc' dir='ltr'>δὲ</span> <span class='ocrx_word' id='word_1_100' title='bbox 1612 1427 1790 1515; x_wconf 78' lang='grc' dir='ltr'><strong><em>προτεραίᾳ,</em></strong></span> <span class='ocrx_word' id='word_1_101' title='bbox 1825 1424 1967 1510; x_wconf 85' lang='lat' dir='ltr'>denique</span> <span class='ocrx_word' id='word_1_102' title='bbox 1991 1426 2032 1508; x_wconf 65' lang='grc' dir='ltr'>(ξ.</span> <span class='ocrx_word' id='word_1_103' title='bbox 2057 1425 2111 1504; x_wconf 91' lang='grc'>16)</span> <span class='ocrx_word' id='word_1_104' title='bbox 2133 1445 2243 1489; x_wconf 81' lang='lat' dir='ltr'>rursus</span> 
     </span>
     <span class='ocr_line' id='line_1_10' title="bbox 433 1526 2244 1614; baseline -0.001 -22"><span class='ocrx_word' id='word_1_105' title='bbox 433 1527 475 1592; x_wconf 87' lang='lat' dir='ltr'>ad</span> <span class='ocrx_word' id='word_1_106' title='bbox 498 1528 688 1592; x_wconf 88' lang='lat' dir='ltr'>concionem</span> <span class='ocrx_word' id='word_1_107' title='bbox 723 1535 853 1613; x_wconf 90' lang='lat' dir='ltr'>postero</span> <span class='ocrx_word' id='word_1_108' title='bbox 877 1527 931 1592; x_wconf 91' lang='lat' dir='ltr'>die</span> <span class='ocrx_word' id='word_1_109' title='bbox 953 1527 1116 1606; x_wconf 85' lang='lat' dir='ltr'>habitam,</span> <span class='ocrx_word' id='word_1_110' title='bbox 1146 1550 1211 1592; x_wconf 91' lang='lat' dir='ltr'>non</span> <span class='ocrx_word' id='word_1_111' title='bbox 1240 1536 1333 1614; x_wconf 85' lang='lat' dir='ltr'>putat</span> <span class='ocrx_word' id='word_1_112' title='bbox 1361 1549 1433 1592; x_wconf 87' lang='lat' dir='ltr'>esse</span> <span class='ocrx_word' id='word_1_113' title='bbox 1455 1527 1683 1614; x_wconf 87' lang='lat' dir='ltr'>Xenophontis</span> <span class='ocrx_word' id='word_1_114' title='bbox 1706 1550 1812 1614; x_wconf 89' lang='lat' dir='ltr'>neque</span> <span class='ocrx_word' id='word_1_115' title='bbox 1834 1526 1919 1592; x_wconf 89' lang='lat' dir='ltr'>alius</span> <span class='ocrx_word' id='word_1_116' title='bbox 1941 1529 2085 1613; x_wconf 87' lang='lat' dir='ltr'>cujusvis</span> <span class='ocrx_word' id='word_1_117' title='bbox 2107 1527 2244 1591; x_wconf 88' lang='lat' dir='ltr'>hominis</span> 
     </span>
     <span class='ocr_line' id='line_1_11' title="bbox 432 1631 2245 1716; baseline 0.001 -21"><span class='ocrx_word' id='word_1_118' title='bbox 432 1641 563 1716; x_wconf 85' lang='lat' dir='ltr'>praeter</span> <span class='ocrx_word' id='word_1_119' title='bbox 581 1631 876 1716; x_wconf 69' lang='lat' dir='ltr'>epitomatoremi).</span> <span class='ocrx_word' id='word_1_120' title='bbox 895 1667 938 1679; x_wconf 87' lang='lat'><em>-</em></span> <span class='ocrx_word' id='word_1_121' title='bbox 956 1631 1062 1710; x_wconf 75' lang='lat' dir='ltr'>Quam</span> <span class='ocrx_word' id='word_1_122' title='bbox 1081 1639 1191 1696; x_wconf 88' lang='lat' dir='ltr'>tamen</span> <span class='ocrx_word' id='word_1_123' title='bbox 1210 1632 1432 1696; x_wconf 84' lang='lat' dir='ltr'>confusionem</span> <span class='ocrx_word' id='word_1_124' title='bbox 1451 1653 1516 1696; x_wconf 92' lang='lat' dir='ltr'>non</span> <span class='ocrx_word' id='word_1_125' title='bbox 1535 1639 1657 1696; x_wconf 89' lang='lat' dir='ltr'>tantam</span> <span class='ocrx_word' id='word_1_126' title='bbox 1677 1653 1747 1695; x_wconf 86' lang='lat' dir='ltr'>esse</span> <span class='ocrx_word' id='word_1_127' title='bbox 1765 1633 1950 1696; x_wconf 84' lang='lat' dir='ltr'>invenimus</span> <span class='ocrx_word' id='word_1_128' title='bbox 1968 1631 2075 1696; x_wconf 90' lang='lat' dir='ltr'>locum</span> <span class='ocrx_word' id='word_1_129' title='bbox 2095 1641 2245 1696; x_wconf 82' lang='lat' dir='ltr'>accurate</span> 
     </span>
     <span class='ocr_line' id='line_1_12' title="bbox 434 1733 2246 1819; baseline 0.001 -22"><span class='ocrx_word' id='word_1_130' title='bbox 434 1735 655 1819; x_wconf 85' lang='lat' dir='ltr'>inspicientes.</span> <span class='ocrx_word' id='word_1_131' title='bbox 701 1733 785 1797; x_wconf 88' lang='lat' dir='ltr'>Nam</span> <span class='ocrx_word' id='word_1_132' title='bbox 809 1755 883 1797; x_wconf 90' lang='lat' dir='ltr'>cum</span> <span class='ocrx_word' id='word_1_133' title='bbox 905 1734 940 1798; x_wconf 90' lang='lat' dir='ltr'>in</span> <span class='ocrx_word' id='word_1_134' title='bbox 969 1737 998 1814; x_wconf 65' lang='grc' dir='ltr'>ξ.</span> <span class='ocrx_word' id='word_1_135' title='bbox 1025 1734 1067 1798; x_wconf 85' lang='grc'><strong>14</strong></span> <span class='ocrx_word' id='word_1_136' title='bbox 1088 1733 1270 1816; x_wconf 87' lang='lat' dir='ltr'>Xenophon</span> <span class='ocrx_word' id='word_1_137' title='bbox 1292 1734 1472 1800; x_wconf 81' lang='lat' dir='ltr'>rettulisset</span> <span class='ocrx_word' id='word_1_138' title='bbox 1493 1757 1679 1800; x_wconf 89' lang='lat' dir='ltr'>sermonem</span> <span class='ocrx_word' id='word_1_139' title='bbox 1702 1734 1941 1814; x_wconf 80' lang='lat' dir='ltr'>Alcibiadis,et</span> <span class='ocrx_word' id='word_1_140' title='bbox 1962 1737 1999 1799; x_wconf 93' lang='lat' dir='ltr'>in</span> <span class='ocrx_word' id='word_1_141' title='bbox 2020 1739 2049 1817; x_wconf 65' lang='grc' dir='ltr'>ξ.</span> <span class='ocrx_word' id='word_1_142' title='bbox 2076 1736 2116 1799; x_wconf 89' lang='grc'>16</span> <span class='ocrx_word' id='word_1_143' title='bbox 2138 1757 2246 1800; x_wconf 86' lang='lat' dir='ltr'>narra-</span> 
     </span>
     <span class='ocr_line' id='line_1_13' title="bbox 375 1834 2247 1924; baseline 0.002 -24"><span class='ocrx_word' id='word_1_144' title='bbox 375 1893 378 1900; x_wconf 94' lang='lat'>.</span> <span class='ocrx_word' id='word_1_145' title='bbox 432 1847 484 1903; x_wconf 90' lang='lat' dir='ltr'>ret</span> <span class='ocrx_word' id='word_1_146' title='bbox 507 1858 590 1923; x_wconf 88' lang='lat' dir='ltr'>qnae</span> <span class='ocrx_word' id='word_1_147' title='bbox 613 1837 743 1902; x_wconf 86' lang='lat' dir='ltr'>lecisset</span> <span class='ocrx_word' id='word_1_148' title='bbox 772 1846 846 1922; x_wconf 90' lang='lat' dir='ltr'>post</span> <span class='ocrx_word' id='word_1_149' title='bbox 874 1834 964 1902; x_wconf 89' lang='lat' dir='ltr'>illam</span> <span class='ocrx_word' id='word_1_150' title='bbox 987 1838 1196 1919; x_wconf 85' lang='lat' dir='ltr'>concionem,</span> <span class='ocrx_word' id='word_1_151' title='bbox 1225 1837 1349 1902; x_wconf 83' lang='lat' dir='ltr'>addere</span> <span class='ocrx_word' id='word_1_152' title='bbox 1372 1839 1518 1923; x_wconf 87' lang='lat' dir='ltr'>profecto</span> <span class='ocrx_word' id='word_1_153' title='bbox 1542 1837 1700 1920; x_wconf 88' lang='lat' dir='ltr'>debebat,</span> <span class='ocrx_word' id='word_1_154' title='bbox 1724 1840 1856 1924; x_wconf 87' lang='lat' dir='ltr'>quinam</span> <span class='ocrx_word' id='word_1_155' title='bbox 1879 1847 1964 1902; x_wconf 86' lang='lat' dir='ltr'>esset</span> <span class='ocrx_word' id='word_1_156' title='bbox 1986 1839 2106 1902; x_wconf 83' lang='lat' dir='ltr'>laetum</span> <span class='ocrx_word' id='word_1_157' title='bbox 2130 1847 2167 1903; x_wconf 92' lang='lat' dir='ltr'>ut</span> <span class='ocrx_word' id='word_1_158' title='bbox 2187 1839 2247 1903; x_wconf 74' lang='lat' dir='ltr'>La</span> 
     </span>
     <span class='ocr_line' id='line_1_14' title="bbox 435 1940 2246 2028; baseline -0.001 -21"><span class='ocrx_word' id='word_1_159' title='bbox 435 1941 641 2007; x_wconf 87' lang='lat' dir='ltr'>cedaemonii</span> <span class='ocrx_word' id='word_1_160' title='bbox 670 1941 740 2025; x_wconf 86' lang='lat' dir='ltr'>ejus</span> <span class='ocrx_word' id='word_1_161' title='bbox 769 1941 947 2006; x_wconf 84' lang='lat' dir='ltr'>adventum</span> <span class='ocrx_word' id='word_1_162' title='bbox 973 1961 1046 2006; x_wconf 91' lang='lat' dir='ltr'>non</span> <span class='ocrx_word' id='word_1_163' title='bbox 1075 1944 1390 2028; x_wconf 85' lang='lat' dir='ltr'>comperissent⁴),</span> <span class='ocrx_word' id='word_1_164' title='bbox 1397 1940 1431 2004; x_wconf 94' lang='lat' dir='ltr'>id</span> <span class='ocrx_word' id='word_1_165' title='bbox 1461 1941 1547 2028; x_wconf 91' lang='lat' dir='ltr'>quod</span> <span class='ocrx_word' id='word_1_166' title='bbox 1576 1941 1638 2005; x_wconf 89' lang='lat' dir='ltr'>hac</span> <span class='ocrx_word' id='word_1_167' title='bbox 1666 1940 1855 2026; x_wconf 77' lang='lat' dir='ltr'>parenthesi</span> <span class='ocrx_word' id='word_1_168' title='bbox 1885 1942 1971 2006; x_wconf 88' lang='lat' dir='ltr'>feeit.</span> <span class='ocrx_word' id='word_1_169' title='bbox 2023 1941 2246 2006; x_wconf 86' lang='lat' dir='ltr'>Parenthesim</span> 
     </span>
     <span class='ocr_line' id='line_1_15' title="bbox 435 2032 2247 2133; baseline 0.001 -24"><span class='ocrx_word' id='word_1_170' title='bbox 435 2044 522 2109; x_wconf 90' lang='lat' dir='ltr'>enim</span> <span class='ocrx_word' id='word_1_171' title='bbox 544 2043 680 2124; x_wconf 78' lang='lat' dir='ltr'>hanc§.</span> <span class='ocrx_word' id='word_1_172' title='bbox 705 2043 793 2109; x_wconf 87' lang='lat'>15</span> <span class='ocrx_word' id='word_1_173' title='bbox 768 2066 796 2108; x_wconf 93' lang='grc' dir='ltr'>ιι</span> <span class='ocrx_word' id='word_1_174' title='bbox 818 2055 969 2131; x_wconf 90' lang='lat' dir='ltr'>putamus</span> <span class='ocrx_word' id='word_1_175' title='bbox 991 2045 1113 2110; x_wconf 90' lang='lat' dir='ltr'>nulla</span> <span class='ocrx_word' id='word_1_176' title='bbox 1098 2067 1169 2131; x_wconf 83' lang='lat' dir='ltr'>Jam</span> <span class='ocrx_word' id='word_1_177' title='bbox 1192 2045 1337 2110; x_wconf 85' lang='lat' dir='ltr'>confusio</span> <span class='ocrx_word' id='word_1_178' title='bbox 1361 2032 1454 2110; x_wconf 84' lang='grc' dir='ltr'>ιιι1ιιι</span> <span class='ocrx_word' id='word_1_179' title='bbox 1477 2066 1672 2131; x_wconf 88' lang='lat' dir='ltr'>quamquam</span> <span class='ocrx_word' id='word_1_180' title='bbox 1695 2049 1809 2130; x_wconf 83' lang='lat' dir='ltr'>negari</span> <span class='ocrx_word' id='word_1_181' title='bbox 1832 2046 1954 2133; x_wconf 88' lang='lat' dir='ltr'>nequit,</span> <span class='ocrx_word' id='word_1_182' title='bbox 1978 2047 2077 2110; x_wconf 89' lang='lat' dir='ltr'>etiam</span> <span class='ocrx_word' id='word_1_183' title='bbox 2097 2045 2178 2130; x_wconf 77' lang='lat' dir='ltr'>in§.</span> <span class='ocrx_word' id='word_1_184' title='bbox 2198 2047 2247 2124; x_wconf 89' lang='grc'>14,</span> 
     </span>
     <span class='ocr_line' id='line_1_16' title="bbox 436 2144 1433 2238; baseline 0.001 -28"><span class='ocrx_word' id='word_1_185' title='bbox 436 2156 512 2211; x_wconf 90' lang='lat' dir='ltr'>ants</span> <span class='ocrx_word' id='word_1_186' title='bbox 534 2144 637 2210; x_wconf 83' lang='lat' dir='ltr'>verba</span> <span class='ocrx_word' id='word_1_187' title='bbox 658 2155 700 2232; x_wconf 86' lang='grc' dir='ltr'>τῆ</span> <span class='ocrx_word' id='word_1_188' title='bbox 721 2150 796 2214; x_wconf 76' lang='lat' dir='ltr'>di&#39;</span> <span class='ocrx_word' id='word_1_189' title='bbox 776 2149 921 2238; x_wconf 80' lang='grc' dir='ltr'>νστιραία</span> <span class='ocrx_word' id='word_1_190' title='bbox 943 2146 1108 2214; x_wconf 71' lang='lat' dir='ltr'>atthaeo</span> <span class='ocrx_word' id='word_1_191' title='bbox 1130 2149 1275 2233; x_wconf 87' lang='lat' dir='ltr'>potuisse</span> <span class='ocrx_word' id='word_1_192' title='bbox 1297 2148 1433 2211; x_wconf 90' lang='lat' dir='ltr'>narrari.</span> 
     </span>
    </p>

    <p class='ocr_par' dir='ltr' id='par_1_4' title="bbox 437 2248 2253 2853">
     <span class='ocr_line' id='line_1_17' title="bbox 593 2248 2250 2336; baseline 0.002 -24"><span class='ocrx_word' id='word_1_193' title='bbox 593 2248 646 2313; x_wconf 92' lang='lat' dir='ltr'>Ab</span> <span class='ocrx_word' id='word_1_194' title='bbox 670 2250 717 2313; x_wconf 87' lang='lat' dir='ltr'>eis</span> <span class='ocrx_word' id='word_1_195' title='bbox 746 2271 830 2334; x_wconf 90' lang='lat' dir='ltr'>quae</span> <span class='ocrx_word' id='word_1_196' title='bbox 854 2250 939 2316; x_wconf 84' lang='lat' dir='ltr'>Xon.</span> <span class='ocrx_word' id='word_1_197' title='bbox 963 2255 991 2331; x_wconf 66' lang='grc' dir='ltr'>ξ.</span> <span class='ocrx_word' id='word_1_198' title='bbox 1017 2251 1057 2314; x_wconf 88' lang='lat'>15</span> <span class='ocrx_word' id='word_1_199' title='bbox 1087 2260 1198 2314; x_wconf 87' lang='lat' dir='ltr'>narrat</span> <span class='ocrx_word' id='word_1_200' title='bbox 1220 2248 1305 2316; x_wconf 91' lang='lat' dir='ltr'>Plut.</span> <span class='ocrx_word' id='word_1_201' title='bbox 1329 2271 1402 2314; x_wconf 90' lang='lat' dir='ltr'>cum</span> <span class='ocrx_word' id='word_1_202' title='bbox 1432 2251 1501 2315; x_wconf 87' lang='lat' dir='ltr'>fere</span> <span class='ocrx_word' id='word_1_203' title='bbox 1534 2249 1649 2314; x_wconf 89' lang='lat' dir='ltr'>eadem</span> <span class='ocrx_word' id='word_1_204' title='bbox 1679 2251 1838 2336; x_wconf 90' lang='lat' dir='ltr'>praebeat</span> <span class='ocrx_word' id='word_1_205' title='bbox 1860 2253 1908 2316; x_wconf 89' lang='lat' dir='ltr'>ita</span> <span class='ocrx_word' id='word_1_206' title='bbox 1928 2259 2038 2316; x_wconf 89' lang='lat' dir='ltr'>tamen</span> <span class='ocrx_word' id='word_1_207' title='bbox 2060 2249 2185 2328; x_wconf 83' lang='lat' dir='ltr'>differt,</span> <span class='ocrx_word' id='word_1_208' title='bbox 2215 2262 2250 2315; x_wconf 88' lang='grc' dir='ltr'>ιιι</span> 
     </span>
     <span class='ocr_line' id='line_1_18' title="bbox 438 2350 2250 2440; baseline 0 -22"><span class='ocrx_word' id='word_1_209' title='bbox 438 2369 511 2418; x_wconf 83' lang='lat' dir='ltr'>oum</span> <span class='ocrx_word' id='word_1_210' title='bbox 533 2350 589 2415; x_wconf 89' lang='lat' dir='ltr'>ille</span> <span class='ocrx_word' id='word_1_211' title='bbox 611 2352 733 2437; x_wconf 87' lang='lat' dir='ltr'>apertis</span> <span class='ocrx_word' id='word_1_212' title='bbox 756 2352 866 2416; x_wconf 87' lang='lat' dir='ltr'>verbis</span> <span class='ocrx_word' id='word_1_213' title='bbox 888 2352 978 2418; x_wconf 89' lang='lat' dir='ltr'>dieat</span> <span class='ocrx_word' id='word_1_214' title='bbox 999 2353 1042 2417; x_wconf 89' lang='lat' dir='ltr'>ab</span> <span class='ocrx_word' id='word_1_215' title='bbox 1069 2351 1243 2416; x_wconf 85' lang='lat' dir='ltr'>Alcibiade</span> <span class='ocrx_word' id='word_1_216' title='bbox 1266 2353 1469 2418; x_wconf 65' lang='grc' dir='ltr'>Ριοίοοιιιιιιί</span> <span class='ocrx_word' id='word_1_217' title='bbox 1490 2377 1561 2419; x_wconf 83' lang='lat' dir='ltr'>cam</span> <span class='ocrx_word' id='word_1_218' title='bbox 1583 2355 1782 2440; x_wconf 66' lang='lat' dir='ltr'>depereo)</span> <span class='ocrx_word' id='word_1_219' title='bbox 1766 2376 1896 2440; x_wconf 70' lang='lat' dir='ltr'>possum</span> <span class='ocrx_word' id='word_1_220' title='bbox 1920 2377 1992 2420; x_wconf 89' lang='lat' dir='ltr'>esee</span> <span class='ocrx_word' id='word_1_221' title='bbox 2013 2375 2115 2420; x_wconf 87' lang='lat' dir='ltr'>naves</span> <span class='ocrx_word' id='word_1_222' title='bbox 2138 2375 2250 2419; x_wconf 90' lang='lat' dir='ltr'>omnes</span> 
     </span>
     <span class='ocr_line' id='line_1_19' title="bbox 438 2451 2251 2544; baseline -0.001 -22"><span class='ocrx_word' id='word_1_223' title='bbox 438 2455 601 2542; x_wconf 87' lang='lat' dir='ltr'>cogendas</span> <span class='ocrx_word' id='word_1_224' title='bbox 625 2477 711 2538; x_wconf 87' lang='lat' dir='ltr'>esse,</span> <span class='ocrx_word' id='word_1_225' title='bbox 742 2451 829 2521; x_wconf 89' lang='lat' dir='ltr'>Plut.</span> <span class='ocrx_word' id='word_1_226' title='bbox 860 2458 980 2521; x_wconf 86' lang='lat' dir='ltr'>referat</span> <span class='ocrx_word' id='word_1_227' title='bbox 1009 2457 1070 2520; x_wconf 90' lang='lat' dir='ltr'>hoe</span> <span class='ocrx_word' id='word_1_228' title='bbox 1099 2457 1294 2540; x_wconf 87' lang='lat' dir='ltr'>imperatum</span> <span class='ocrx_word' id='word_1_229' title='bbox 1326 2477 1398 2520; x_wconf 87' lang='lat' dir='ltr'>esse</span> <span class='ocrx_word' id='word_1_230' title='bbox 1421 2455 1463 2520; x_wconf 93' lang='lat' dir='ltr'>ab</span> <span class='ocrx_word' id='word_1_231' title='bbox 1486 2455 1660 2522; x_wconf 83' lang='lat' dir='ltr'>Alcibiade</span> <span class='ocrx_word' id='word_1_232' title='bbox 1682 2458 1946 2523; x_wconf 87' lang='lat' dir='ltr'>Proiconnesum·</span> <span class='ocrx_word' id='word_1_233' title='bbox 1960 2480 2074 2524; x_wconf 89' lang='lat' dir='ltr'>versus</span> <span class='ocrx_word' id='word_1_234' title='bbox 2096 2459 2251 2544; x_wconf 84' lang='lat' dir='ltr'>profecto.</span> 
     </span>
     <span class='ocr_line' id='line_1_20' title="bbox 437 2557 2250 2646; baseline 0.001 -22"><span class='ocrx_word' id='word_1_235' title='bbox 437 2559 538 2624; x_wconf 89' lang='lat' dir='ltr'>Recte</span> <span class='ocrx_word' id='word_1_236' title='bbox 561 2557 642 2622; x_wconf 90' lang='lat' dir='ltr'>dicit</span> <span class='ocrx_word' id='word_1_237' title='bbox 663 2558 754 2634; x_wconf 62' lang='lat' dir='ltr'>Gai)</span> <span class='ocrx_word' id='word_1_238' title='bbox 787 2557 863 2622; x_wconf 90' lang='lat' dir='ltr'>inde</span> <span class='ocrx_word' id='word_1_239' title='bbox 894 2558 1005 2644; x_wconf 81' lang='lat' dir='ltr'>colligi</span> <span class='ocrx_word' id='word_1_240' title='bbox 1034 2579 1099 2622; x_wconf 91' lang='lat' dir='ltr'>non</span> <span class='ocrx_word' id='word_1_241' title='bbox 1121 2579 1234 2644; x_wconf 90' lang='lat' dir='ltr'>posse,</span> <span class='ocrx_word' id='word_1_242' title='bbox 1264 2557 1328 2622; x_wconf 89' lang='lat' dir='ltr'>hoe</span> <span class='ocrx_word' id='word_1_243' title='bbox 1344 2559 1474 2644; x_wconf 88' lang='lat' dir='ltr'>jussum</span> <span class='ocrx_word' id='word_1_244' title='bbox 1505 2582 1565 2624; x_wconf 87' lang='grc' dir='ltr'>ιιοιι</span> <span class='ocrx_word' id='word_1_245' title='bbox 1594 2559 1707 2624; x_wconf 85' lang='grc' dir='ltr'>ι1ιιιιιιιι</span> <span class='ocrx_word' id='word_1_246' title='bbox 1737 2583 1809 2626; x_wconf 87' lang='lat' dir='ltr'>esse</span> <span class='ocrx_word' id='word_1_247' title='bbox 1839 2582 1913 2626; x_wconf 91' lang='lat' dir='ltr'>cum</span> <span class='ocrx_word' id='word_1_248' title='bbox 1942 2561 2156 2625; x_wconf 89' lang='lat' dir='ltr'>Proiconnesi</span> <span class='ocrx_word' id='word_1_249' title='bbox 2181 2562 2250 2646; x_wconf 89' lang='lat' dir='ltr'>jam</span> 
     </span>
     <span class='ocr_line' id='line_1_21' title="bbox 439 2649 2251 2750; baseline -0.001 -22"><span class='ocrx_word' id='word_1_250' title='bbox 439 2655 524 2728; x_wconf 84' lang='lat' dir='ltr'>esset</span> <span class='ocrx_word' id='word_1_251' title='bbox 545 2659 750 2741; x_wconf 82' lang='lat' dir='ltr'>Alcibiades,</span> <span class='ocrx_word' id='word_1_252' title='bbox 780 2661 838 2726; x_wconf 89' lang='lat' dir='ltr'>sed</span> <span class='ocrx_word' id='word_1_253' title='bbox 862 2649 1043 2726; x_wconf 78' lang='lat' dir='ltr'>concedere</span> <span class='ocrx_word' id='word_1_254' title='bbox 1067 2655 1183 2743; x_wconf 85' lang='lat' dir='ltr'>debet,</span> <span class='ocrx_word' id='word_1_255' title='bbox 1216 2663 1250 2725; x_wconf 90' lang='lat' dir='ltr'>ni</span> <span class='ocrx_word' id='word_1_256' title='bbox 1272 2658 1384 2742; x_wconf 82' lang='lat' dir='ltr'>fallor,</span> <span class='ocrx_word' id='word_1_257' title='bbox 1415 2683 1458 2725; x_wconf 82' lang='lat' dir='ltr'>ex</span> <span class='ocrx_word' id='word_1_258' title='bbox 1487 2661 1597 2726; x_wconf 89' lang='lat' dir='ltr'>verbis</span> <span class='ocrx_word' id='word_1_259' title='bbox 1627 2664 1706 2748; x_wconf 89' lang='lat' dir='ltr'>ipsis</span> <span class='ocrx_word' id='word_1_260' title='bbox 1728 2665 1856 2736; x_wconf 85' lang='lat' dir='ltr'>facilius</span> <span class='ocrx_word' id='word_1_261' title='bbox 1885 2663 2013 2750; x_wconf 87' lang='lat' dir='ltr'>colligi:</span> <span class='ocrx_word' id='word_1_262' title='bbox 2043 2663 2251 2728; x_wconf 89' lang='lat' dir='ltr'>Alcibiadem</span> 
     </span>
     <span class='ocr_line' id='line_1_22' title="bbox 439 2763 2253 2853; baseline 0 -23"><span class='ocrx_word' id='word_1_263' title='bbox 439 2765 502 2830; x_wconf 93' lang='lat' dir='ltr'>hoc</span> <span class='ocrx_word' id='word_1_264' title='bbox 523 2764 595 2828; x_wconf 88' lang='lat' dir='ltr'>fieri</span> <span class='ocrx_word' id='word_1_265' title='bbox 612 2766 752 2852; x_wconf 91' lang='lat' dir='ltr'>jussisse</span> <span class='ocrx_word' id='word_1_266' title='bbox 776 2775 950 2850; x_wconf 88' lang='lat' dir='ltr'>antequem</span> <span class='ocrx_word' id='word_1_267' title='bbox 972 2765 1226 2828; x_wconf 88' lang='lat' dir='ltr'>Proiconnesum</span> <span class='ocrx_word' id='word_1_268' title='bbox 1249 2767 1348 2828; x_wconf 91' lang='lat' dir='ltr'>venit.</span> <span class='ocrx_word' id='word_1_269' title='bbox 1374 2801 1415 2812; x_wconf 92' lang='lat'>-</span> <span class='ocrx_word' id='word_1_270' title='bbox 1438 2763 1539 2828; x_wconf 90' lang='lat' dir='ltr'>Porro</span> <span class='ocrx_word' id='word_1_271' title='bbox 1563 2765 1741 2830; x_wconf 87' lang='lat' dir='ltr'>secundum</span> <span class='ocrx_word' id='word_1_272' title='bbox 1761 2765 2014 2853; x_wconf 85' lang='lat' dir='ltr'>Xenophontem</span> <span class='ocrx_word' id='word_1_273' title='bbox 2033 2789 2135 2831; x_wconf 83' lang='grc' dir='ltr'>οιιιιιιι</span> <span class='ocrx_word' id='word_1_274' title='bbox 2153 2787 2253 2832; x_wconf 89' lang='lat' dir='ltr'>naves</span> 
     </span>
    </p>
   </div>
   <div class='ocr_carea' id='block_1_4' title="bbox 441 2868 2255 3588">
    <p class='ocr_par' dir='ltr' id='par_1_5' title="bbox 441 2868 2255 3588">
     <span class='ocr_line' id='line_1_23' title="bbox 441 2868 2253 2956; baseline 0.001 -24"><span class='ocrx_word' id='word_1_275' title='bbox 441 2877 573 2933; x_wconf 80' lang='lat' dir='ltr'>coactae</span> <span class='ocrx_word' id='word_1_276' title='bbox 594 2875 669 2930; x_wconf 85' lang='lat' dir='ltr'>eunt</span> <span class='ocrx_word' id='word_1_277' title='bbox 692 2870 743 2947; x_wconf 78' lang='lat' dir='ltr'>(ui</span> <span class='ocrx_word' id='word_1_278' title='bbox 765 2876 856 2935; x_wconf 86' lang='grc' dir='ltr'>πλοῖα</span> <span class='ocrx_word' id='word_1_279' title='bbox 879 2870 1003 2934; x_wconf 76' lang='grc' dir='ltr'>πάντα</span> <span class='ocrx_word' id='word_1_280' title='bbox 1025 2872 1087 2935; x_wconf 81' lang='grc' dir='ltr'>καὶ</span> <span class='ocrx_word' id='word_1_281' title='bbox 1108 2869 1154 2934; x_wconf 82' lang='lat' dir='ltr'>roi</span> <span class='ocrx_word' id='word_1_282' title='bbox 1175 2869 1294 2952; x_wconf 69' lang='grc' dir='ltr'>μικριέ</span> <span class='ocrx_word' id='word_1_283' title='bbox 1316 2869 1497 2954; x_wconf 76' lang='grc' dir='ltr'>συνήθροισε</span> <span class='ocrx_word' id='word_1_284' title='bbox 1521 2869 1589 2956; x_wconf 78' lang='grc' dir='ltr'>παρ’</span> <span class='ocrx_word' id='word_1_285' title='bbox 1611 2871 1740 2954; x_wconf 74' lang='grc' dir='ltr'>ἔαυτόν),</span> <span class='ocrx_word' id='word_1_286' title='bbox 1764 2877 1896 2934; x_wconf 84' lang='lat' dir='ltr'>auctore</span> <span class='ocrx_word' id='word_1_287' title='bbox 1914 2868 2090 2936; x_wconf 83' lang='lat' dir='ltr'>Plutarcho</span> <span class='ocrx_word' id='word_1_288' title='bbox 2112 2871 2253 2934; x_wconf 81' lang='lat' dir='ltr'>minores</span> 
     </span>
     <span class='ocr_line' id='line_1_24' title="bbox 441 2969 2254 3058; baseline 0 -20"><span class='ocrx_word' id='word_1_289' title='bbox 441 2980 566 3038; x_wconf 81' lang='lat' dir='ltr'>tantum</span> <span class='ocrx_word' id='word_1_290' title='bbox 590 2973 753 3050; x_wconf 77' lang='grc' dir='ltr'>(ἐκέλιοσιν</span> <span class='ocrx_word' id='word_1_291' title='bbox 774 2975 857 3052; x_wconf 81' lang='grc' dir='ltr'>ἐντός</span> <span class='ocrx_word' id='word_1_292' title='bbox 876 2969 1065 3058; x_wconf 72' lang='grc' dir='ltr'>πιριβιὲλλιιν</span> <span class='ocrx_word' id='word_1_293' title='bbox 1086 2973 1133 3037; x_wconf 80' lang='lat' dir='ltr'>roi</span> <span class='ocrx_word' id='word_1_294' title='bbox 1155 2973 1276 3038; x_wconf 76' lang='grc' dir='ltr'>λιπτολ</span> <span class='ocrx_word' id='word_1_295' title='bbox 1298 2979 1418 3037; x_wconf 87' lang='grc' dir='ltr'>πλοῖα</span> <span class='ocrx_word' id='word_1_296' title='bbox 1440 2975 1489 3036; x_wconf 82' lang='grc' dir='ltr'>καὶ</span> <span class='ocrx_word' id='word_1_297' title='bbox 1507 2975 1809 3057; x_wconf 62' lang='grc' dir='ltr'>παραφαλοίσσιινβ).</span> <span class='ocrx_word' id='word_1_298' title='bbox 1828 3010 1871 3020; x_wconf 90' lang='lat'><em>-</em></span> <span class='ocrx_word' id='word_1_299' title='bbox 1889 2971 2030 3037; x_wconf 78' lang='lat' dir='ltr'>Causam</span> <span class='ocrx_word' id='word_1_300' title='bbox 2049 2973 2169 3038; x_wconf 88' lang='lat' dir='ltr'>deinde</span> <span class='ocrx_word' id='word_1_301' title='bbox 2197 2995 2254 3038; x_wconf 86' lang='lat' dir='ltr'>cur</span> 
     </span>
     <span class='ocr_line' id='line_1_25' title="bbox 441 3073 2254 3164; baseline 0.001 -24"><span class='ocrx_word' id='word_1_302' title='bbox 441 3096 544 3140; x_wconf 87' lang='lat' dir='ltr'>naves</span> <span class='ocrx_word' id='word_1_303' title='bbox 567 3083 699 3140; x_wconf 82' lang='lat' dir='ltr'>coactae</span> <span class='ocrx_word' id='word_1_304' title='bbox 722 3076 787 3139; x_wconf 89' lang='lat' dir='ltr'>sint</span> <span class='ocrx_word' id='word_1_305' title='bbox 809 3075 894 3138; x_wconf 89' lang='lat' dir='ltr'>Xen.</span> <span class='ocrx_word' id='word_1_306' title='bbox 919 3097 992 3139; x_wconf 89' lang='lat' dir='ltr'>cum</span> <span class='ocrx_word' id='word_1_307' title='bbox 1016 3074 1105 3138; x_wconf 89' lang='lat' dir='ltr'>dicat</span> <span class='ocrx_word' id='word_1_308' title='bbox 1126 3073 1228 3137; x_wconf 88' lang='lat' dir='ltr'>hanc:</span> <span class='ocrx_word' id='word_1_309' title='bbox 1257 3073 1339 3154; x_wconf 83' lang='grc' dir='ltr'>ὅπως</span> <span class='ocrx_word' id='word_1_310' title='bbox 1360 3078 1502 3160; x_wconf 74' lang='grc' dir='ltr'>μηδεὶς</span> <span class='ocrx_word' id='word_1_311' title='bbox 1531 3078 1754 3160; x_wconf 72' lang='grc' dir='ltr'>ἐξαγγείλαι</span> <span class='ocrx_word' id='word_1_312' title='bbox 1777 3084 1841 3157; x_wconf 81' lang='grc' dir='ltr'>τοῖς</span> <span class='ocrx_word' id='word_1_313' title='bbox 1863 3078 2016 3159; x_wconf 82' lang='grc' dir='ltr'>πολιμίσις</span> <span class='ocrx_word' id='word_1_314' title='bbox 2038 3078 2080 3142; x_wconf 78' lang='grc' dir='ltr'>τό</span> <span class='ocrx_word' id='word_1_315' title='bbox 2102 3085 2254 3164; x_wconf 74' lang='grc' dir='ltr'>πλῆθος</span> 
     </span>
     <span class='ocr_line' id='line_1_26' title="bbox 442 3178 2254 3268; baseline -0.001 -21"><span class='ocrx_word' id='word_1_316' title='bbox 442 3187 503 3247; x_wconf 77' lang='grc' dir='ltr'>τῶν</span> <span class='ocrx_word' id='word_1_317' title='bbox 524 3179 650 3260; x_wconf 55' lang='lat' dir='ltr'>satist),</span> <span class='ocrx_word' id='word_1_318' title='bbox 672 3178 754 3244; x_wconf 86' lang='lat' dir='ltr'>Plut.</span> <span class='ocrx_word' id='word_1_319' title='bbox 779 3179 872 3242; x_wconf 85' lang='lat' dir='ltr'>affert</span> <span class='ocrx_word' id='word_1_320' title='bbox 894 3178 1008 3242; x_wconf 87' lang='lat' dir='ltr'>talem:</span> <span class='ocrx_word' id='word_1_321' title='bbox 1038 3179 1118 3258; x_wconf 80' lang='grc' dir='ltr'>ὅπως</span> <span class='ocrx_word' id='word_1_322' title='bbox 1135 3180 1313 3265; x_wconf 76' lang='grc' dir='ltr'>μηδεμία</span> <span class='ocrx_word' id='word_1_323' title='bbox 1335 3187 1398 3258; x_wconf 89' lang='grc' dir='ltr'>τοῖς</span> <span class='ocrx_word' id='word_1_324' title='bbox 1420 3181 1574 3261; x_wconf 72' lang='grc' dir='ltr'>πολεμίοις</span> <span class='ocrx_word' id='word_1_325' title='bbox 1595 3180 1787 3259; x_wconf 72' lang='grc' dir='ltr'>ἐπιπλέοντος</span> <span class='ocrx_word' id='word_1_326' title='bbox 1809 3182 1903 3246; x_wconf 73' lang='grc' dir='ltr'>αὐτοῦ</span> <span class='ocrx_word' id='word_1_327' title='bbox 1923 3183 2037 3266; x_wconf 77' lang='grc' dir='ltr'>γένοιτο</span> <span class='ocrx_word' id='word_1_328' title='bbox 2069 3182 2254 3268; x_wconf 74' lang='grc' dir='ltr'><em>μηδαμόθεν</em></span> 
     </span>
     <span class='ocr_line' id='line_1_27' title="bbox 443 3281 2254 3370; baseline 0 -22"><span class='ocrx_word' id='word_1_329' title='bbox 443 3285 722 3368; x_wconf 70' lang='grc' dir='ltr'>προαίσθησις.</span> <span class='ocrx_word' id='word_1_330' title='bbox 743 3319 781 3329; x_wconf 88' lang='grc'>-</span> <span class='ocrx_word' id='word_1_331' title='bbox 801 3281 1041 3366; x_wconf 88' lang='lat' dir='ltr'>Xenophontea</span> <span class='ocrx_word' id='word_1_332' title='bbox 1061 3283 1222 3368; x_wconf 74' lang='grc' dir='ltr'>ἐπεκήρυξε</span> <span class='ocrx_word' id='word_1_333' title='bbox 1241 3319 1284 3329; x_wconf 89' lang='lat'>-—</span> <span class='ocrx_word' id='word_1_334' title='bbox 1302 3319 1345 3329; x_wconf 93' lang='lat'><em>-</em></span> <span class='ocrx_word' id='word_1_335' title='bbox 1362 3319 1405 3329; x_wconf 87' lang='lat'>-</span> <span class='ocrx_word' id='word_1_336' title='bbox 1423 3283 1559 3349; x_wconf 72' lang='grc' dir='ltr'>θάνατον</span> <span class='ocrx_word' id='word_1_337' title='bbox 1574 3285 1640 3370; x_wconf 73' lang='grc' dir='ltr'>,τήν</span> <span class='ocrx_word' id='word_1_338' title='bbox 1661 3287 1777 3368; x_wconf 84' lang='grc' dir='ltr'>ζημίαν</span> <span class='ocrx_word' id='word_1_339' title='bbox 1795 3284 1882 3348; x_wconf 79' lang='lat' dir='ltr'>Plus.</span> <span class='ocrx_word' id='word_1_340' title='bbox 1901 3287 2034 3350; x_wconf 84' lang='lat' dir='ltr'>omnino</span> <span class='ocrx_word' id='word_1_341' title='bbox 2058 3306 2122 3348; x_wconf 91' lang='lat' dir='ltr'>non</span> <span class='ocrx_word' id='word_1_342' title='bbox 2146 3284 2254 3349; x_wconf 85' lang='lat' dir='ltr'>habet.</span> 
     </span>
     <span class='ocr_line' id='line_1_28' title="bbox 442 3383 2255 3473; baseline 0.001 -24"><span class='ocrx_word' id='word_1_343' title='bbox 442 3383 488 3450; x_wconf 94' lang='lat' dir='ltr'>Ut</span> <span class='ocrx_word' id='word_1_344' title='bbox 509 3385 565 3450; x_wconf 93' lang='lat' dir='ltr'>ille</span> <span class='ocrx_word' id='word_1_345' title='bbox 587 3385 641 3450; x_wconf 92' lang='lat' dir='ltr'>hic</span> <span class='ocrx_word' id='word_1_346' title='bbox 669 3407 797 3472; x_wconf 87' lang='lat' dir='ltr'>quoque</span> <span class='ocrx_word' id='word_1_347' title='bbox 818 3387 925 3470; x_wconf 63' lang='lat' dir='ltr'>{refert</span> <span class='ocrx_word' id='word_1_348' title='bbox 953 3409 1013 3472; x_wconf 87' lang='lat' dir='ltr'>per</span> <span class='ocrx_word' id='word_1_349' title='bbox 1042 3385 1181 3451; x_wconf 89' lang='lat' dir='ltr'>imbrem</span> <span class='ocrx_word' id='word_1_350' title='bbox 1202 3384 1423 3452; x_wconf 86' lang='lat' dir='ltr'>Athenienses</span> <span class='ocrx_word' id='word_1_351' title='bbox 1452 3407 1553 3472; x_wconf 90' lang='lat' dir='ltr'>prope</span> <span class='ocrx_word' id='word_1_352' title='bbox 1582 3385 1624 3450; x_wconf 90' lang='lat' dir='ltr'>ad</span> <span class='ocrx_word' id='word_1_353' title='bbox 1647 3387 1923 3452; x_wconf 89' lang='lat' dir='ltr'>Lacedaemonios</span> <span class='ocrx_word' id='word_1_354' title='bbox 1952 3389 2143 3473; x_wconf 87' lang='lat' dir='ltr'>pervenisse</span> <span class='ocrx_word' id='word_1_355' title='bbox 2165 3386 2255 3454; x_wconf 87' lang='lat' dir='ltr'>coelo</span> 
     </span>
     <span class='ocr_line' id='line_1_29' title="bbox 442 3488 2254 3588; baseline -0.001 -33"><span class='ocrx_word' id='word_1_356' title='bbox 442 3499 578 3577; x_wconf 88' lang='lat' dir='ltr'>repente</span> <span class='ocrx_word' id='word_1_357' title='bbox 599 3511 716 3556; x_wconf 85' lang='lat' dir='ltr'>sereno</span> <span class='ocrx_word' id='word_1_358' title='bbox 738 3491 835 3556; x_wconf 85' lang='lat' dir='ltr'>facto.</span> <span class='ocrx_word' id='word_1_359' title='bbox 881 3491 947 3555; x_wconf 84' lang='lat' dir='ltr'>Sed</span> <span class='ocrx_word' id='word_1_360' title='bbox 970 3513 1044 3556; x_wconf 87' lang='lat' dir='ltr'>cum</span> <span class='ocrx_word' id='word_1_361' title='bbox 1067 3491 1152 3554; x_wconf 87' lang='lat' dir='ltr'>Xon.</span> <span class='ocrx_word' id='word_1_362' title='bbox 1170 3488 1448 3588; x_wconf 81' lang='lat' dir='ltr'>Lacedaempnioe</span> <span class='ocrx_word' id='word_1_363' title='bbox 1466 3497 1543 3552; x_wconf 86' lang='lat' dir='ltr'>ante</span> <span class='ocrx_word' id='word_1_364' title='bbox 1561 3498 1687 3574; x_wconf 89' lang='lat' dir='ltr'>portum</span> <span class='ocrx_word' id='word_1_365' title='bbox 1707 3491 1868 3555; x_wconf 85' lang='lat' dir='ltr'>exercitos</span> <span class='ocrx_word' id='word_1_366' title='bbox 1885 3489 1988 3556; x_wconf 87' lang='lat' dir='ltr'>fuisse</span> <span class='ocrx_word' id='word_1_367' title='bbox 2006 3501 2117 3556; x_wconf 77' lang='lat' dir='ltr'>namet</span> <span class='ocrx_word' id='word_1_368' title='bbox 2135 3492 2177 3576; x_wconf 66' lang='grc' dir='ltr'>(ξ.</span> <span class='ocrx_word' id='word_1_369' title='bbox 2198 3491 2254 3554; x_wconf 86' lang='lat'>16:</span> 
     </span>
    </p>
   </div>
   <div class='ocr_carea' id='block_1_5' title="bbox 440 3599 2262 5248">
    <p class='ocr_par' dir='ltr' id='par_1_6' title="bbox 440 3599 2255 3781">
     <span class='ocr_line' id='line_1_30' title="bbox 602 3599 2255 3697; baseline 0 -17"><span class='ocrx_word' id='word_1_370' title='bbox 602 3628 627 3691; x_wconf 88' lang='lat'>¹)</span> <span class='ocrx_word' id='word_1_371' title='bbox 646 3625 697 3680; x_wconf 83' lang='lat' dir='ltr'>cfr.</span> <span class='ocrx_word' id='word_1_372' title='bbox 715 3629 800 3681; x_wconf 87' lang='lat' dir='ltr'>etiam</span> <span class='ocrx_word' id='word_1_373' title='bbox 817 3624 1004 3681; x_wconf 88' lang='lat' dir='ltr'>Breitenhach</span> <span class='ocrx_word' id='word_1_374' title='bbox 1023 3625 1059 3678; x_wconf 88' lang='lat' dir='ltr'>ad</span> <span class='ocrx_word' id='word_1_375' title='bbox 1076 3627 1096 3678; x_wconf 92' lang='lat' dir='ltr'>l.</span> <span class='ocrx_word' id='word_1_376' title='bbox 1115 3625 1170 3691; x_wconf 83' lang='lat' dir='ltr'>[ed.</span> <span class='ocrx_word' id='word_1_377' title='bbox 1190 3626 1283 3691; x_wconf 83' lang='lat'>1853):</span> <span class='ocrx_word' id='word_1_378' title='bbox 1302 3625 1407 3692; x_wconf 81' lang='lat' dir='ltr'>„verba</span> <span class='ocrx_word' id='word_1_379' title='bbox 1424 3625 1461 3696; x_wconf 78' lang='grc' dir='ltr'>μὴ</span> <span class='ocrx_word' id='word_1_380' title='bbox 1479 3625 1570 3695; x_wconf 81' lang='grc' dir='ltr'>ττοὶντη</span> <span class='ocrx_word' id='word_1_381' title='bbox 1587 3631 1720 3695; x_wconf 75' lang='grc' dir='ltr'>κρατοῦσι</span> <span class='ocrx_word' id='word_1_382' title='bbox 1738 3625 1876 3681; x_wconf 83' lang='lat' dir='ltr'>excidisse</span> <span class='ocrx_word' id='word_1_383' title='bbox 1892 3631 1993 3696; x_wconf 90' lang='lat' dir='ltr'>putant</span> <span class='ocrx_word' id='word_1_384' title='bbox 2009 3627 2083 3697; x_wconf 88' lang='lat' dir='ltr'>apud</span> <span class='ocrx_word' id='word_1_385' title='bbox 2101 3599 2175 3682; x_wconf 80' lang='lat' dir='ltr'>Xisn.</span> <span class='ocrx_word' id='word_1_386' title='bbox 2193 3628 2255 3681; x_wconf 85' lang='lat' dir='ltr'>sine</span> 
     </span>
     <span class='ocr_line' id='line_1_31' title="bbox 440 3709 1813 3781; baseline -0.002 -14"><span class='ocrx_word' id='word_1_387' title='bbox 440 3712 517 3781; x_wconf 81' lang='lat' dir='ltr'>justa</span> <span class='ocrx_word' id='word_1_388' title='bbox 535 3717 645 3770; x_wconf 85' lang='lat' dir='ltr'>oausa.“</span> <span class='ocrx_word' id='word_1_389' title='bbox 664 3744 696 3753; x_wconf 95' lang='lat'><em>—</em></span> <span class='ocrx_word' id='word_1_390' title='bbox 713 3712 854 3781; x_wconf 85' lang='lat' dir='ltr'>Hertlein,</span> <span class='ocrx_word' id='word_1_391' title='bbox 873 3712 1038 3765; x_wconf 77' lang='lat' dir='ltr'>zeitschrift</span> <span class='ocrx_word' id='word_1_392' title='bbox 1054 3712 1099 3764; x_wconf 84' lang='lat' dir='ltr'>fiir</span> <span class='ocrx_word' id='word_1_393' title='bbox 1117 3709 1487 3766; x_wconf 83' lang='lat' dir='ltr'>Altsrthnmswissensohalt</span> <span class='ocrx_word' id='word_1_394' title='bbox 1504 3711 1543 3765; x_wconf 88' lang='lat' dir='ltr'>IV</span> <span class='ocrx_word' id='word_1_395' title='bbox 1563 3713 1652 3779; x_wconf 78' lang='lat'>(1837)</span> <span class='ocrx_word' id='word_1_396' title='bbox 1670 3727 1717 3780; x_wconf 80' lang='lat' dir='ltr'>pg.</span> <span class='ocrx_word' id='word_1_397' title='bbox 1738 3715 1813 3766; x_wconf 77' lang='lat'>1024.</span> 
     </span>
    </p>

    <p class='ocr_par' dir='ltr' id='par_1_7' title="bbox 445 3797 2256 4042">
     <span class='ocr_line' id='line_1_32' title="bbox 600 3797 2256 3870; baseline 0.001 -20"><span class='ocrx_word' id='word_1_398' title='bbox 600 3797 626 3864; x_wconf 70' lang='lat'>⁸)</span> <span class='ocrx_word' id='word_1_399' title='bbox 647 3797 675 3853; x_wconf 85' lang='lat' dir='ltr'>C.</span> <span class='ocrx_word' id='word_1_400' title='bbox 694 3798 836 3851; x_wconf 81' lang='lat' dir='ltr'>Frickium</span> <span class='ocrx_word' id='word_1_401' title='bbox 855 3799 921 3864; x_wconf 82' lang='grc'><strong>(1.1.</strong></span> <span class='ocrx_word' id='word_1_402' title='bbox 940 3799 985 3864; x_wconf 86' lang='grc'>69)</span> <span class='ocrx_word' id='word_1_403' title='bbox 1004 3813 1061 3849; x_wconf 88' lang='lat' dir='ltr'>non</span> <span class='ocrx_word' id='word_1_404' title='bbox 1080 3797 1147 3851; x_wconf 86' lang='lat' dir='ltr'>satis</span> <span class='ocrx_word' id='word_1_405' title='bbox 1166 3801 1244 3852; x_wconf 89' lang='lat' dir='ltr'>caute</span> <span class='ocrx_word' id='word_1_406' title='bbox 1263 3798 1442 3852; x_wconf 86' lang='lat' dir='ltr'>contendisse</span> <span class='ocrx_word' id='word_1_407' title='bbox 1456 3797 1570 3852; x_wconf 86' lang='lat' dir='ltr'>vocibus</span> <span class='ocrx_word' id='word_1_408' title='bbox 1589 3797 1623 3870; x_wconf 77' lang='grc' dir='ltr'>νὴ</span> <span class='ocrx_word' id='word_1_409' title='bbox 1642 3799 1703 3852; x_wconf 74' lang='grc' dir='ltr'>’Δία</span> <span class='ocrx_word' id='word_1_410' title='bbox 1717 3797 1913 3853; x_wconf 75' lang='lat' dir='ltr'>&#39;demonstrari</span> <span class='ocrx_word' id='word_1_411' title='bbox 1938 3799 2026 3854; x_wconf 89' lang='lat' dir='ltr'>verba</span> <span class='ocrx_word' id='word_1_412' title='bbox 2050 3798 2195 3853; x_wconf 77' lang='lat' dir='ltr'>Plutarchi</span> <span class='ocrx_word' id='word_1_413' title='bbox 2220 3816 2256 3852; x_wconf 79' lang='lat' dir='ltr'>err</span> 
     </span>
     <span class='ocr_line' id='line_1_33' title="bbox 445 3877 2256 3968; baseline -0.001 -28"><span class='ocrx_word' id='word_1_414' title='bbox 445 3885 571 3940; x_wconf 89' lang='lat' dir='ltr'>oratione</span> <span class='ocrx_word' id='word_1_415' title='bbox 589 3883 697 3939; x_wconf 88' lang='lat' dir='ltr'>directe</span> <span class='ocrx_word' id='word_1_416' title='bbox 715 3877 827 3953; x_wconf 83' lang='lat' dir='ltr'>sumpta</span> <span class='ocrx_word' id='word_1_417' title='bbox 845 3899 914 3951; x_wconf 86' lang='lat' dir='ltr'>esse,</span> <span class='ocrx_word' id='word_1_418' title='bbox 933 3888 1009 3938; x_wconf 91' lang='lat' dir='ltr'>recte</span> <span class='ocrx_word' id='word_1_419' title='bbox 1029 3883 1142 3952; x_wconf 87' lang='lat' dir='ltr'>quidem</span> <span class='ocrx_word' id='word_1_420' title='bbox 1158 3887 1255 3938; x_wconf 89' lang='lat' dir='ltr'>monet</span> <span class='ocrx_word' id='word_1_421' title='bbox 1272 3881 1373 3938; x_wconf 81' lang='lat' dir='ltr'>Bisehs.</span> <span class='ocrx_word' id='word_1_422' title='bbox 1391 3888 1534 3938; x_wconf 87' lang='lat' dir='ltr'>auctorem</span> <span class='ocrx_word' id='word_1_423' title='bbox 1551 3883 1667 3938; x_wconf 87' lang='lat' dir='ltr'>laudans</span> <span class='ocrx_word' id='word_1_424' title='bbox 1692 3884 1843 3940; x_wconf 89' lang='lat' dir='ltr'>Baehrium</span> <span class='ocrx_word' id='word_1_425' title='bbox 1868 3885 1914 3950; x_wconf 84' lang='lat' dir='ltr'>(ad</span> <span class='ocrx_word' id='word_1_426' title='bbox 1939 3883 2001 3938; x_wconf 92' lang='lat' dir='ltr'>Alc.</span> <span class='ocrx_word' id='word_1_427' title='bbox 2026 3887 2061 3939; x_wconf 79' lang='lat'>28</span> <span class='ocrx_word' id='word_1_428' title='bbox 2088 3903 2151 3955; x_wconf 85' lang='lat' dir='ltr'>pag.</span> <span class='ocrx_word' id='word_1_429' title='bbox 2182 3887 2256 3968; x_wconf 60' lang='grc'><strong>219),</strong></span> 
     </span>
     <span class='ocr_line' id='line_1_34' title="bbox 446 3969 1531 4042; baseline -0.002 -15"><span class='ocrx_word' id='word_1_430' title='bbox 446 3990 517 4042; x_wconf 87' lang='lat' dir='ltr'>quae</span> <span class='ocrx_word' id='word_1_431' title='bbox 535 3978 630 4027; x_wconf 86' lang='lat' dir='ltr'>temen</span> <span class='ocrx_word' id='word_1_432' title='bbox 647 3972 726 4026; x_wconf 89' lang='lat' dir='ltr'>nulla</span> <span class='ocrx_word' id='word_1_433' title='bbox 745 3976 788 4025; x_wconf 87' lang='lat' dir='ltr'>est</span> <span class='ocrx_word' id='word_1_434' title='bbox 804 3987 891 4024; x_wconf 88' lang='lat' dir='ltr'>causa</span> <span class='ocrx_word' id='word_1_435' title='bbox 908 3987 957 4024; x_wconf 90' lang='lat' dir='ltr'>cur</span> <span class='ocrx_word' id='word_1_436' title='bbox 974 3969 1105 4040; x_wconf 84' lang='lat' dir='ltr'>Ephorus</span> <span class='ocrx_word' id='word_1_437' title='bbox 1123 3969 1265 4024; x_wconf 83' lang='lat' dir='ltr'>Plutarchi</span> <span class='ocrx_word' id='word_1_438' title='bbox 1283 3970 1345 4024; x_wconf 88' lang='lat' dir='ltr'>fons</span> <span class='ocrx_word' id='word_1_439' title='bbox 1363 3985 1422 4024; x_wconf 90' lang='lat' dir='ltr'>non</span> <span class='ocrx_word' id='word_1_440' title='bbox 1439 3971 1531 4027; x_wconf 84' lang='lat' dir='ltr'>luerit.</span> 
     </span>
    </p>

    <p class='ocr_par' dir='ltr' id='par_1_8' title="bbox 445 4056 2257 4300">
     <span class='ocr_line' id='line_1_35' title="bbox 603 4056 2257 4130; baseline 0 -19"><span class='ocrx_word' id='word_1_441' title='bbox 603 4059 628 4124; x_wconf 83' lang='lat'>³)</span> <span class='ocrx_word' id='word_1_442' title='bbox 646 4075 710 4127; x_wconf 83' lang='lat' dir='ltr'>pag.</span> <span class='ocrx_word' id='word_1_443' title='bbox 729 4061 776 4114; x_wconf 87' lang='lat'>51:</span> <span class='ocrx_word' id='word_1_444' title='bbox 796 4057 917 4127; x_wconf 75' lang='grc' dir='ltr'>τοσαύτη</span> <span class='ocrx_word' id='word_1_445' title='bbox 935 4057 1042 4128; x_wconf 75' lang='grc' dir='ltr'>ταραχὴ</span> <span class='ocrx_word' id='word_1_446' title='bbox 1060 4059 1107 4112; x_wconf 77' lang='grc' dir='ltr'>καὶ</span> <span class='ocrx_word' id='word_1_447' title='bbox 1125 4057 1253 4127; x_wconf 70' lang='grc' dir='ltr'>σύγχυσις</span> <span class='ocrx_word' id='word_1_448' title='bbox 1271 4056 1319 4112; x_wconf 71' lang='lat' dir='ltr'>div</span> <span class='ocrx_word' id='word_1_449' title='bbox 1336 4056 1405 4112; x_wconf 80' lang='grc' dir='ltr'>εἶναι</span> <span class='ocrx_word' id='word_1_450' title='bbox 1424 4059 1530 4114; x_wconf 79' lang='grc' dir='ltr'>δίκαιον</span> <span class='ocrx_word' id='word_1_451' title='bbox 1547 4057 1706 4130; x_wconf 79' lang='grc' dir='ltr'>ν’ἆνιοὸοθῇ</span> <span class='ocrx_word' id='word_1_452' title='bbox 1725 4057 1770 4128; x_wconf 58' lang='lat' dir='ltr'>dle</span> <span class='ocrx_word' id='word_1_453' title='bbox 1787 4061 1826 4122; x_wconf 84' lang='grc' dir='ltr'>εἰς</span> <span class='ocrx_word' id='word_1_454' title='bbox 1839 4059 1959 4130; x_wconf 69' lang='grc' dir='ltr'>ἀρχαίαν</span> <span class='ocrx_word' id='word_1_455' title='bbox 1974 4058 2095 4129; x_wconf 81' lang='grc' dir='ltr'>κεφαλὴν</span> <span class='ocrx_word' id='word_1_456' title='bbox 2106 4057 2195 4130; x_wconf 79' lang='grc' dir='ltr'>ἡρέμα</span> <span class='ocrx_word' id='word_1_457' title='bbox 2203 4058 2257 4112; x_wconf 78' lang='lat' dir='ltr'>acl</span> 
     </span>
     <span class='ocr_line' id='line_1_36' title="bbox 445 4141 2255 4218; baseline -0.002 -15"><span class='ocrx_word' id='word_1_458' title='bbox 445 4147 560 4218; x_wconf 75' lang='grc' dir='ltr'><strong><em>καθαρὰ</em></strong></span> <span class='ocrx_word' id='word_1_459' title='bbox 577 4147 695 4202; x_wconf 80' lang='grc' dir='ltr'>πάντοτε</span> <span class='ocrx_word' id='word_1_460' title='bbox 714 4146 760 4200; x_wconf 79' lang='grc' dir='ltr'>καὶ</span> <span class='ocrx_word' id='word_1_461' title='bbox 778 4143 1051 4215; x_wconf 76' lang='grc' dir='ltr'>ἀντιλαμβανομένην</span> <span class='ocrx_word' id='word_1_462' title='bbox 1067 4145 1114 4200; x_wconf 75' lang='grc' dir='ltr'>καὶ</span> <span class='ocrx_word' id='word_1_463' title='bbox 1132 4143 1303 4215; x_wconf 77' lang='grc' dir='ltr'>γηᾶφοιισαν,</span> <span class='ocrx_word' id='word_1_464' title='bbox 1322 4143 1365 4214; x_wconf 72' lang='grc' dir='ltr'>ὄχι</span> <span class='ocrx_word' id='word_1_465' title='bbox 1383 4145 1423 4208; x_wconf 74' lang='grc' dir='ltr'>εἰς</span> <span class='ocrx_word' id='word_1_466' title='bbox 1439 4142 1607 4214; x_wconf 78' lang='grc' dir='ltr'>συγγραφέα,</span> <span class='ocrx_word' id='word_1_467' title='bbox 1626 4141 1716 4207; x_wconf 72' lang='lat' dir='ltr'>elaad</span> <span class='ocrx_word' id='word_1_468' title='bbox 1736 4145 1877 4213; x_wconf 69' lang='grc' dir='ltr'>Ξενοφῶν,</span> <span class='ocrx_word' id='word_1_469' title='bbox 1914 4143 1971 4200; x_wconf 76' lang='grc' dir='ltr'>ἄλλ’</span> <span class='ocrx_word' id='word_1_470' title='bbox 1996 4145 2056 4202; x_wconf 74' lang='lat' dir='ltr'>ote’</span> <span class='ocrx_word' id='word_1_471' title='bbox 2083 4146 2122 4209; x_wconf 74' lang='grc' dir='ltr'>εἰς</span> <span class='ocrx_word' id='word_1_472' title='bbox 2145 4145 2255 4214; x_wconf 72' lang='lat' dir='ltr'>alcadri·</span> 
     </span>
     <span class='ocr_line' id='line_1_37' title="bbox 446 4229 951 4300; baseline -0.008 -12"><span class='ocrx_word' id='word_1_473' title='bbox 446 4251 514 4289; x_wconf 78' lang='grc' dir='ltr'>ποτε</span> <span class='ocrx_word' id='word_1_474' title='bbox 531 4239 586 4288; x_wconf 77' lang='grc' dir='ltr'>τῶν</span> <span class='ocrx_word' id='word_1_475' title='bbox 602 4238 701 4289; x_wconf 81' lang='grc' dir='ltr'>κοινῶν</span> <span class='ocrx_word' id='word_1_476' title='bbox 720 4229 879 4300; x_wconf 74' lang='grc' dir='ltr'>ἀνθρώπων</span> <span class='ocrx_word' id='word_1_477' title='bbox 896 4236 951 4285; x_wconf 77' lang='grc' dir='ltr'>κτλ.</span> 
     </span>
    </p>

    <p class='ocr_par' dir='ltr' id='par_1_9' title="bbox 446 4313 2260 4905">
     <span class='ocr_line' id='line_1_38' title="bbox 604 4313 2258 4390; baseline 0 -19"><span class='ocrx_word' id='word_1_478' title='bbox 604 4321 629 4380; x_wconf 86' lang='lat'>⁴)</span> <span class='ocrx_word' id='word_1_479' title='bbox 648 4318 726 4386; x_wconf 88' lang='lat' dir='ltr'>cujus</span> <span class='ocrx_word' id='word_1_480' title='bbox 744 4317 785 4370; x_wconf 89' lang='lat' dir='ltr'>rei</span> <span class='ocrx_word' id='word_1_481' title='bbox 802 4317 883 4370; x_wconf 91' lang='lat' dir='ltr'>Diod.</span> <span class='ocrx_word' id='word_1_482' title='bbox 901 4315 971 4370; x_wconf 87' lang='lat' dir='ltr'>XIII</span> <span class='ocrx_word' id='word_1_483' title='bbox 987 4318 1022 4370; x_wconf 81' lang='grc'>49</span> <span class='ocrx_word' id='word_1_484' title='bbox 1048 4316 1131 4370; x_wconf 88' lang='lat' dir='ltr'>aliam</span> <span class='ocrx_word' id='word_1_485' title='bbox 1149 4317 1258 4386; x_wconf 83' lang='lat' dir='ltr'>profert</span> <span class='ocrx_word' id='word_1_486' title='bbox 1280 4333 1406 4370; x_wconf 85' lang='lat' dir='ltr'>causam:</span> <span class='ocrx_word' id='word_1_487' title='bbox 1435 4313 1670 4385; x_wconf 77' lang='grc' dir='ltr'>ἐφιλοτιμήθησαν</span> <span class='ocrx_word' id='word_1_488' title='bbox 1696 4315 1795 4380; x_wconf 75' lang='grc' dir='ltr'>νυκτὸς</span> <span class='ocrx_word' id='word_1_489' title='bbox 1830 4316 1881 4386; x_wconf 78' lang='grc' dir='ltr'>τὴν</span> <span class='ocrx_word' id='word_1_490' title='bbox 1911 4323 1967 4374; x_wconf 76' lang='grc' dir='ltr'>τῶν</span> <span class='ocrx_word' id='word_1_491' title='bbox 1994 4317 2149 4390; x_wconf 73' lang='grc' dir='ltr'>Ἀβυδηνῶν</span> <span class='ocrx_word' id='word_1_492' title='bbox 2175 4317 2258 4373; x_wconf 82' lang='grc' dir='ltr'>πόλιν</span> 
     </span>
     <span class='ocr_line' id='line_1_39' title="bbox 446 4401 2258 4474; baseline -0.002 -15"><span class='ocrx_word' id='word_1_493' title='bbox 446 4409 639 4474; x_wconf 73' lang='grc' dir='ltr'>παραπλεῦσαι</span> <span class='ocrx_word' id='word_1_494' title='bbox 654 4402 726 4473; x_wconf 81' lang='grc' dir='ltr'>πηὸς</span> <span class='ocrx_word' id='word_1_495' title='bbox 743 4402 774 4458; x_wconf 83' lang='grc' dir='ltr'>τὸ</span> <span class='ocrx_word' id='word_1_496' title='bbox 792 4402 829 4472; x_wconf 82' lang='grc' dir='ltr'>μὴ</span> <span class='ocrx_word' id='word_1_497' title='bbox 847 4407 1057 4472; x_wconf 74' lang='grc' dir='ltr'>κατανοηθῆναι</span> <span class='ocrx_word' id='word_1_498' title='bbox 1075 4403 1106 4458; x_wconf 85' lang='grc' dir='ltr'>τὸ</span> <span class='ocrx_word' id='word_1_499' title='bbox 1124 4407 1233 4472; x_wconf 75' lang='grc' dir='ltr'>πλῆθος</span> <span class='ocrx_word' id='word_1_500' title='bbox 1249 4408 1305 4458; x_wconf 76' lang='grc' dir='ltr'>τῶν</span> <span class='ocrx_word' id='word_1_501' title='bbox 1322 4407 1391 4458; x_wconf 78' lang='grc' dir='ltr'>νεῶν</span> <span class='ocrx_word' id='word_1_502' title='bbox 1406 4401 1463 4456; x_wconf 74' lang='grc' dir='ltr'>ὑπὸ</span> <span class='ocrx_word' id='word_1_503' title='bbox 1485 4405 1540 4456; x_wconf 82' lang='grc' dir='ltr'>τῶν</span> <span class='ocrx_word' id='word_1_504' title='bbox 1563 4404 1705 4470; x_wconf 76' lang='grc' dir='ltr'>πολεμίων.</span> <span class='ocrx_word' id='word_1_505' title='bbox 1754 4401 1829 4470; x_wconf 80' lang='lat' dir='ltr'>Quae</span> <span class='ocrx_word' id='word_1_506' title='bbox 1846 4401 1939 4457; x_wconf 72' lang='lat' dir='ltr'>(irate</span> <span class='ocrx_word' id='word_1_507' title='bbox 1964 4401 2031 4456; x_wconf 91' lang='lat' dir='ltr'>VIII</span> <span class='ocrx_word' id='word_1_508' title='bbox 2063 4403 2113 4458; x_wconf 81' lang='lat' dir='ltr'>lea</span> <span class='ocrx_word' id='word_1_509' title='bbox 2144 4421 2184 4471; x_wconf 90' lang='lat' dir='ltr'>sq.</span> <span class='ocrx_word' id='word_1_510' title='bbox 2215 4403 2258 4456; x_wconf 86' lang='lat' dir='ltr'>ita</span> 
     </span>
     <span class='ocr_line' id='line_1_40' title="bbox 447 4486 2258 4560; baseline -0.003 -14"><span class='ocrx_word' id='word_1_511' title='bbox 447 4489 582 4546; x_wconf 81' lang='lat' dir='ltr'>reddens:</span> <span class='ocrx_word' id='word_1_512' title='bbox 600 4490 684 4558; x_wconf 86' lang='lat' dir='ltr'>„they</span> <span class='ocrx_word' id='word_1_513' title='bbox 702 4489 791 4543; x_wconf 88' lang='lat' dir='ltr'>sailed</span> <span class='ocrx_word' id='word_1_514' title='bbox 809 4505 846 4557; x_wconf 91' lang='lat' dir='ltr'>up</span> <span class='ocrx_word' id='word_1_515' title='bbox 864 4489 912 4542; x_wconf 88' lang='lat' dir='ltr'>the</span> <span class='ocrx_word' id='word_1_516' title='bbox 930 4487 1100 4557; x_wconf 86' lang='lat' dir='ltr'>Hellespont</span> <span class='ocrx_word' id='word_1_517' title='bbox 1115 4491 1145 4542; x_wconf 92' lang='lat' dir='ltr'>to</span> <span class='ocrx_word' id='word_1_518' title='bbox 1163 4487 1255 4542; x_wconf 87' lang='lat' dir='ltr'>Proik.</span> <span class='ocrx_word' id='word_1_519' title='bbox 1275 4488 1313 4556; x_wconf 86' lang='lat' dir='ltr'>by</span> <span class='ocrx_word' id='word_1_520' title='bbox 1336 4486 1419 4556; x_wconf 80' lang='lat' dir='ltr'>night</span> <span class='ocrx_word' id='word_1_521' title='bbox 1443 4504 1474 4542; x_wconf 94' lang='grc' dir='ltr'>ιο</span> <span class='ocrx_word' id='word_1_522' title='bbox 1497 4486 1562 4542; x_wconf 83' lang='lat' dir='ltr'>thet</span> <span class='ocrx_word' id='word_1_523' title='bbox 1587 4486 1663 4542; x_wconf 89' lang='lat' dir='ltr'>their</span> <span class='ocrx_word' id='word_1_524' title='bbox 1687 4505 1806 4560; x_wconf 83' lang='lat' dir='ltr'>passage</span> <span class='ocrx_word' id='word_1_525' title='bbox 1833 4487 1952 4557; x_wconf 88' lang='lat' dir='ltr'>escaped</span> <span class='ocrx_word' id='word_1_526' title='bbox 1978 4489 2026 4542; x_wconf 91' lang='lat' dir='ltr'>the</span> <span class='ocrx_word' id='word_1_527' title='bbox 2054 4489 2135 4543; x_wconf 82' lang='grc' dir='ltr'>ιιοιίσι</span> <span class='ocrx_word' id='word_1_528' title='bbox 2159 4491 2191 4556; x_wconf 85' lang='lat' dir='ltr'>os</span> <span class='ocrx_word' id='word_1_529' title='bbox 2214 4491 2258 4541; x_wconf 74' lang='grc' dir='ltr'>ιλιι</span> 
     </span>
     <span class='ocr_line' id='line_1_41' title="bbox 446 4573 2258 4647; baseline -0.002 -15"><span class='ocrx_word' id='word_1_530' title='bbox 446 4577 652 4647; x_wconf 74' lang='grc' dir='ltr'>Ριιιροιιιιιιίαα</span> <span class='ocrx_word' id='word_1_531' title='bbox 669 4578 827 4645; x_wconf 75' lang='lat' dir='ltr'>yaerdsts&#39;ps</span> <span class='ocrx_word' id='word_1_532' title='bbox 845 4585 872 4628; x_wconf 82' lang='grc' dir='ltr'>οι</span> <span class='ocrx_word' id='word_1_533' title='bbox 890 4577 1013 4645; x_wconf 54' lang='grc' dir='ltr'>Λαμιαν*</span> <span class='ocrx_word' id='word_1_534' title='bbox 1031 4581 1138 4630; x_wconf 89' lang='lat' dir='ltr'>temere</span> <span class='ocrx_word' id='word_1_535' title='bbox 1155 4577 1249 4630; x_wconf 85' lang='lat' dir='ltr'>verbis</span> <span class='ocrx_word' id='word_1_536' title='bbox 1267 4575 1382 4629; x_wconf 90' lang='lat' dir='ltr'>Diodori</span> <span class='ocrx_word' id='word_1_537' title='bbox 1400 4575 1497 4628; x_wconf 88' lang='lat' dir='ltr'>intulit</span> <span class='ocrx_word' id='word_1_538' title='bbox 1514 4591 1584 4644; x_wconf 87' lang='lat' dir='ltr'>qnae</span> <span class='ocrx_word' id='word_1_539' title='bbox 1602 4591 1660 4628; x_wconf 89' lang='lat' dir='ltr'>non</span> <span class='ocrx_word' id='word_1_540' title='bbox 1676 4573 1830 4629; x_wconf 83' lang='lat' dir='ltr'>continent.</span> <span class='ocrx_word' id='word_1_541' title='bbox 1858 4605 1885 4614; x_wconf 89' lang='lat'>—</span> <span class='ocrx_word' id='word_1_542' title='bbox 1906 4575 2001 4628; x_wconf 88' lang='lat' dir='ltr'>Etiam</span> <span class='ocrx_word' id='word_1_543' title='bbox 2017 4573 2052 4628; x_wconf 81' lang='grc' dir='ltr'>Ε.</span> <span class='ocrx_word' id='word_1_544' title='bbox 2077 4575 2189 4629; x_wconf 77' lang='lat' dir='ltr'>Certim</span> <span class='ocrx_word' id='word_1_545' title='bbox 2215 4575 2258 4641; x_wconf 90' lang='lat' dir='ltr'>(II</span> 
     </span>
     <span class='ocr_line' id='line_1_42' title="bbox 446 4657 2260 4732; baseline -0.003 -12"><span class='ocrx_word' id='word_1_546' title='bbox 446 4666 510 4730; x_wconf 77' lang='grc'><strong>664)</strong></span> <span class='ocrx_word' id='word_1_547' title='bbox 526 4663 680 4716; x_wconf 86' lang='lat' dir='ltr'>Diodorum</span> <span class='ocrx_word' id='word_1_548' title='bbox 699 4667 809 4716; x_wconf 86' lang='lat' dir='ltr'>secutus</span> <span class='ocrx_word' id='word_1_549' title='bbox 828 4662 912 4718; x_wconf 88' lang='lat' dir='ltr'>dicit:</span> <span class='ocrx_word' id='word_1_550' title='bbox 931 4665 989 4731; x_wconf 89' lang='lat' dir='ltr'>„sie</span> <span class='ocrx_word' id='word_1_551' title='bbox 1006 4664 1103 4732; x_wconf 79' lang='lat' dir='ltr'>legteu</span> <span class='ocrx_word' id='word_1_552' title='bbox 1121 4665 1149 4715; x_wconf 80' lang='grc' dir='ltr'>ιἰι</span> <span class='ocrx_word' id='word_1_553' title='bbox 1166 4657 1215 4714; x_wconf 75' lang='grc' dir='ltr'>σιν</span> <span class='ocrx_word' id='word_1_554' title='bbox 1232 4663 1309 4714; x_wconf 78' lang='lat' dir='ltr'>nocht</span> <span class='ocrx_word' id='word_1_555' title='bbox 1326 4660 1374 4716; x_wconf 87' lang='lat' dir='ltr'>bei</span> <span class='ocrx_word' id='word_1_556' title='bbox 1383 4661 1465 4715; x_wconf 82' lang='lat' dir='ltr'>Proh.</span> <span class='ocrx_word' id='word_1_557' title='bbox 1484 4661 1547 4726; x_wconf 84' lang='lat' dir='ltr'>an“,</span> <span class='ocrx_word' id='word_1_558' title='bbox 1565 4677 1629 4714; x_wconf 87' lang='lat' dir='ltr'>eum</span> <span class='ocrx_word' id='word_1_559' title='bbox 1646 4661 1719 4716; x_wconf 84' lang='lat' dir='ltr'>Xan.</span> <span class='ocrx_word' id='word_1_560' title='bbox 1738 4659 1892 4715; x_wconf 76' lang='lat' dir='ltr'>emeratius</span> <span class='ocrx_word' id='word_1_561' title='bbox 1911 4675 1994 4728; x_wconf 85' lang='lat' dir='ltr'>qnam</span> <span class='ocrx_word' id='word_1_562' title='bbox 2019 4659 2103 4716; x_wconf 90' lang='lat' dir='ltr'>Diod.</span> <span class='ocrx_word' id='word_1_563' title='bbox 2120 4661 2260 4730; x_wconf 84' lang='lat' dir='ltr'>praebeat</span> 
     </span>
     <span class='ocr_line' id='line_1_43' title="bbox 448 4741 2260 4820; baseline -0.001 -18"><span class='ocrx_word' id='word_1_564' title='bbox 448 4751 540 4818; x_wconf 59' lang='grc'><strong>(9.13)</strong></span> <span class='ocrx_word' id='word_1_565' title='bbox 557 4753 607 4819; x_wconf 75' lang='grc' dir='ltr'>τῆς</span> <span class='ocrx_word' id='word_1_566' title='bbox 625 4746 755 4818; x_wconf 73' lang='grc' dir='ltr'>ἐπιούσης</span> <span class='ocrx_word' id='word_1_567' title='bbox 772 4747 870 4811; x_wconf 77' lang='grc' dir='ltr'>νυκτὸς</span> <span class='ocrx_word' id='word_1_568' title='bbox 888 4749 1059 4819; x_wconf 72' lang='grc' dir='ltr'>ἀνηγάγοντο</span> <span class='ocrx_word' id='word_1_569' title='bbox 1077 4749 1123 4803; x_wconf 78' lang='grc' dir='ltr'>ναι</span> <span class='ocrx_word' id='word_1_570' title='bbox 1141 4754 1180 4819; x_wconf 76' lang='grc' dir='ltr'>τῇ</span> <span class='ocrx_word' id='word_1_571' title='bbox 1200 4747 1286 4818; x_wconf 81' lang='grc' dir='ltr'>ἄλλη</span> <span class='ocrx_word' id='word_1_572' title='bbox 1304 4745 1417 4818; x_wconf 75' lang='grc' dir='ltr'>ἡμέρᾳ</span> <span class='ocrx_word' id='word_1_573' title='bbox 1434 4746 1515 4817; x_wconf 74' lang='grc' dir='ltr'>περ)</span> <span class='ocrx_word' id='word_1_574' title='bbox 1534 4747 1683 4815; x_wconf 72' lang='grc' dir='ltr'>ἀρίστοιν</span> <span class='ocrx_word' id='word_1_575' title='bbox 1701 4745 1798 4816; x_wconf 75' lang='grc' dir='ltr'>ὥραν</span> <span class='ocrx_word' id='word_1_576' title='bbox 1820 4741 1887 4817; x_wconf 76' lang='grc' dir='ltr'>ἧκαν</span> <span class='ocrx_word' id='word_1_577' title='bbox 1905 4748 2049 4820; x_wconf 74' lang='grc' dir='ltr'>εἰςΠοοικ,</span> <span class='ocrx_word' id='word_1_578' title='bbox 2078 4745 2153 4800; x_wconf 88' lang='lat' dir='ltr'>Num</span> <span class='ocrx_word' id='word_1_579' title='bbox 2170 4749 2260 4801; x_wconf 85' lang='lat' dir='ltr'>noctu</span> 
     </span>
     <span class='ocr_line' id='line_1_44' title="bbox 447 4832 1465 4905; baseline -0.005 -15"><span class='ocrx_word' id='word_1_580' title='bbox 447 4835 534 4890; x_wconf 81' lang='lat' dir='ltr'>Elaea</span> <span class='ocrx_word' id='word_1_581' title='bbox 552 4834 670 4905; x_wconf 84' lang='lat' dir='ltr'>proiecti</span> <span class='ocrx_word' id='word_1_582' title='bbox 689 4833 774 4886; x_wconf 91' lang='lat' dir='ltr'>etiam</span> <span class='ocrx_word' id='word_1_583' title='bbox 791 4839 874 4888; x_wconf 86' lang='lat' dir='ltr'>nocte</span> <span class='ocrx_word' id='word_1_584' title='bbox 890 4833 1109 4889; x_wconf 83' lang='lat' dir='ltr'>Proiconnesnm</span> <span class='ocrx_word' id='word_1_585' title='bbox 1127 4833 1274 4902; x_wconf 82' lang='lat' dir='ltr'>pervenire</span> <span class='ocrx_word' id='word_1_586' title='bbox 1292 4832 1465 4902; x_wconf 78' lang='lat' dir='ltr'>potuerunt?</span> 
     </span>
    </p>

    <p class='ocr_par' dir='ltr' id='par_1_10' title="bbox 605 4917 1635 4987">
     <span class='ocr_line' id='line_1_45' title="bbox 605 4917 1635 4987; baseline -0.001 -14"><span class='ocrx_word' id='word_1_587' title='bbox 605 4922 630 4987; x_wconf 79' lang='lat'>¹⁶)</span> <span class='ocrx_word' id='word_1_588' title='bbox 648 4923 681 4973; x_wconf 89' lang='lat' dir='ltr'>ut</span> <span class='ocrx_word' id='word_1_589' title='bbox 696 4923 773 4972; x_wconf 89' lang='lat' dir='ltr'>recte</span> <span class='ocrx_word' id='word_1_590' title='bbox 792 4921 891 4973; x_wconf 85' lang='lat' dir='ltr'>statuit</span> <span class='ocrx_word' id='word_1_591' title='bbox 907 4919 1068 4974; x_wconf 86' lang='lat' dir='ltr'>Brueckner</span> <span class='ocrx_word' id='word_1_592' title='bbox 1085 4922 1103 4974; x_wconf 95' lang='lat' dir='ltr'>l.</span> <span class='ocrx_word' id='word_1_593' title='bbox 1121 4921 1140 4973; x_wconf 95' lang='lat' dir='ltr'>l.</span> <span class='ocrx_word' id='word_1_594' title='bbox 1158 4921 1209 4974; x_wconf 79' lang='lat'>395</span> <span class='ocrx_word' id='word_1_595' title='bbox 1227 4923 1327 4974; x_wconf 78' lang='lat' dir='ltr'>contra</span> <span class='ocrx_word' id='word_1_596' title='bbox 1344 4917 1543 4974; x_wconf 81' lang='lat' dir='ltr'>Schneiderum</span> <span class='ocrx_word' id='word_1_597' title='bbox 1562 4917 1599 4972; x_wconf 89' lang='lat' dir='ltr'>ad</span> <span class='ocrx_word' id='word_1_598' title='bbox 1615 4918 1635 4972; x_wconf 87' lang='lat' dir='ltr'>l.</span> 
     </span>
    </p>

    <p class='ocr_par' dir='ltr' id='par_1_11' title="bbox 606 5005 859 5073">
     <span class='ocr_line' id='line_1_46' title="bbox 606 5005 859 5073; baseline -0.016 -13"><span class='ocrx_word' id='word_1_599' title='bbox 606 5005 704 5073; x_wconf 65' lang='grc'>6)1.1.</span> <span class='ocrx_word' id='word_1_600' title='bbox 723 5007 781 5071; x_wconf 82' lang='lat'>105,</span> <span class='ocrx_word' id='word_1_601' title='bbox 801 5005 859 5059; x_wconf 74' lang='lat'>729.</span> 
     </span>
    </p>

    <p class='ocr_par' dir='ltr' id='par_1_12' title="bbox 449 5089 2262 5248">
     <span class='ocr_line' id='line_1_47' title="bbox 606 5089 2262 5160; baseline 0.001 -15"><span class='ocrx_word' id='word_1_602' title='bbox 606 5095 631 5160; x_wconf 63' lang='grc' dir='ltr'>ἲ)</span> <span class='ocrx_word' id='word_1_603' title='bbox 650 5091 738 5160; x_wconf 80' lang='lat' dir='ltr'>Quam</span> <span class='ocrx_word' id='word_1_604' title='bbox 755 5091 971 5160; x_wconf 88' lang='lat' dir='ltr'>discrepantiam</span> <span class='ocrx_word' id='word_1_605' title='bbox 989 5091 1129 5145; x_wconf 88' lang='lat' dir='ltr'>sublaturi</span> <span class='ocrx_word' id='word_1_606' title='bbox 1147 5091 1299 5147; x_wconf 85' lang='lat' dir='ltr'>Schneider</span> <span class='ocrx_word' id='word_1_607' title='bbox 1315 5090 1351 5146; x_wconf 88' lang='lat' dir='ltr'>ad</span> <span class='ocrx_word' id='word_1_608' title='bbox 1369 5092 1389 5146; x_wconf 90' lang='lat' dir='ltr'>l.</span> <span class='ocrx_word' id='word_1_609' title='bbox 1406 5092 1454 5147; x_wconf 78' lang='grc' dir='ltr'>ια)</span> <span class='ocrx_word' id='word_1_610' title='bbox 1470 5089 1546 5160; x_wconf 87' lang='lat' dir='ltr'>apud</span> <span class='ocrx_word' id='word_1_611' title='bbox 1563 5089 1776 5160; x_wconf 86' lang='lat' dir='ltr'>Xenophontem</span> <span class='ocrx_word' id='word_1_612' title='bbox 1801 5091 1903 5160; x_wconf 84' lang='lat' dir='ltr'>deleri,</span> <span class='ocrx_word' id='word_1_613' title='bbox 1929 5090 2090 5150; x_wconf 82' lang='lat' dir='ltr'>Braeckner</span> <span class='ocrx_word' id='word_1_614' title='bbox 2115 5092 2134 5145; x_wconf 90' lang='lat'>1.</span> <span class='ocrx_word' id='word_1_615' title='bbox 2158 5092 2178 5146; x_wconf 90' lang='lat' dir='ltr'>I.</span> <span class='ocrx_word' id='word_1_616' title='bbox 2205 5091 2262 5146; x_wconf 72' lang='lat'>395</span> 
     </span>
     <span class='ocr_line' id='line_1_48' title="bbox 449 5177 1283 5248; baseline 0 -14"><span class='ocrx_word' id='word_1_617' title='bbox 449 5179 566 5234; x_wconf 65' lang='lat' dir='ltr'>andem</span> <span class='ocrx_word' id='word_1_618' title='bbox 583 5181 750 5248; x_wconf 88' lang='lat' dir='ltr'>particulam</span> <span class='ocrx_word' id='word_1_619' title='bbox 767 5177 1000 5233; x_wconf 85' lang='lat' dir='ltr'>Plutarcho-eddi</span> <span class='ocrx_word' id='word_1_620' title='bbox 1015 5179 1167 5248; x_wconf 80' lang='lat' dir='ltr'>jusserant</span> <span class='ocrx_word' id='word_1_621' title='bbox 1274 5219 1283 5234; x_wconf 94' lang='lat'>.</span> 
     </span>
    </p>
   </div>
   <div class='ocr_carea' id='block_1_6' title="bbox 606 5263 1789 5336">
    <p class='ocr_par' dir='ltr' id='par_1_13' title="bbox 606 5263 1789 5336">
     <span class='ocr_line' id='line_1_49' title="bbox 606 5263 1789 5336; baseline -0.002 -14"><span class='ocrx_word' id='word_1_622' title='bbox 606 5267 631 5334; x_wconf 82' lang='lat'>⁸)</span> <span class='ocrx_word' id='word_1_623' title='bbox 649 5268 778 5323; x_wconf 86' lang='lat' dir='ltr'>similiter</span> <span class='ocrx_word' id='word_1_624' title='bbox 794 5263 876 5322; x_wconf 80' lang='lat' dir='ltr'>Diod</span> <span class='ocrx_word' id='word_1_625' title='bbox 894 5263 961 5318; x_wconf 86' lang='lat' dir='ltr'>XIII</span> <span class='ocrx_word' id='word_1_626' title='bbox 979 5266 1027 5322; x_wconf 82' lang='lat'>49:</span> <span class='ocrx_word' id='word_1_627' title='bbox 1045 5265 1115 5336; x_wconf 74' lang='grc' dir='ltr'>πρὸς</span> <span class='ocrx_word' id='word_1_628' title='bbox 1132 5264 1163 5322; x_wconf 86' lang='grc' dir='ltr'>τὸ</span> <span class='ocrx_word' id='word_1_629' title='bbox 1180 5263 1218 5336; x_wconf 83' lang='grc' dir='ltr'>μὴ</span> <span class='ocrx_word' id='word_1_630' title='bbox 1236 5269 1449 5335; x_wconf 78' lang='grc' dir='ltr'>ιιατανσηθῆνσι</span> <span class='ocrx_word' id='word_1_631' title='bbox 1465 5264 1497 5320; x_wconf 84' lang='grc' dir='ltr'>τὸ</span> <span class='ocrx_word' id='word_1_632' title='bbox 1515 5269 1625 5335; x_wconf 75' lang='grc' dir='ltr'>πλῆθος</span> <span class='ocrx_word' id='word_1_633' title='bbox 1641 5269 1697 5326; x_wconf 76' lang='grc' dir='ltr'>τῶν</span> <span class='ocrx_word' id='word_1_634' title='bbox 1714 5268 1789 5320; x_wconf 77' lang='grc' dir='ltr'>νεῶν.</span> 
     </span>
    </p>
   </div>
   <div class='ocr_carea' id='block_1_7' title="bbox 0 0 2442 6084">
    <p class='ocr_par' dir='ltr' id='par_1_14' title="bbox 0 0 2442 6084">
     <span class='ocr_line' id='line_1_50' title="bbox 0 0 2442 6084; baseline 0 0"><span class='ocrx_word' id='word_1_635' title='bbox 0 0 2442 6084; x_wconf 95' lang='lat' dir='ltr'> </span> 
     </span>
    </p>
   </div>
  </div>
 </body>
</html>
