4820 6094
1078 517 1147 589 27¹

203 736 434 828 μυμειιζομένας
455 732 702 820 adspersisse
724 733 863 816 λιμένος),
887 729 973 796 Plut
996 749 1051 795 eos
1079 729 1128 796 ibi
1150 740 1277 796 tantum
1295 740 1509 797 commoratos
1533 751 1604 796 esse
1627 730 1708 798 dicit
1730 733 1935 820 (αἰωρούμενα
1957 733 2016 820 aad

203 845 258 904 τοῦ
275 836 451 920 λιμένοςν),
475 848 621 923 atquem
645 855 815 900 numerum
838 833 1174 900 Lacedaemoniorum
1192 835 1325 898 navium
1348 835 1433 902 Xen.
1457 833 1585 900 addidit
1605 833 1691 902 Plut.
1706 835 1860 914 omisit²l

358 956 398 1019 Iu
420 956 482 1020 hac
504 957 532 1041 ᾗ.
545 941 594 1018 '16
618 954 668 1019 bis
690 954 826 1020 offendit
844 953 1038 1056 Cyprianus.
1082 953 1228 1020 Primum
1246 955 1332 1019 enim
1351 955 1439 1041 quod
1454 955 1496 1020 de
1514 956 1663 1021 exercitu
1681 955 2013 1021 Lacedaemoniorum

116 1125 119 1130 .
204 1069 355 1125 namatur
376 1068 526 1146 apertum
547 1058 755 1124 mendacium
777 1058 941 1144 dicensi),
973 1081 1046 1122 curn
1076 1077 1195 1143 magno
1216 1057 1315 1122 imbri
1337 1058 1615 1123 Lacedaemonios
1637 1061 1800 1124 exercitos
1821 1058 1923 1124 tuisse
1945 1079 2016 1144 pro·

205 1161 314 1228 babile
337 1163 485 1239 nonsit,
517 1162 678 1226 veriorem
708 1170 801 1246 putat
830 1183 900 1228 esse
923 1164 1146 1228 narrationem
1168 1161 1344 1227 Plutarchi.
1378 1161 1594 1248 ¹Quamquam
1618 1184 1683 1226 non
1706 1163 1786 1227 satis
1807 1161 2015 1249 perspiciam,

206 1264 367 1352 quomodo
395 1251 458 1328 hoe
487 1271 679 1350 argumento
710 1262 811 1329 thesis
842 1263 899 1328 illa
929 1266 1137 1351 probetur⁴),
1168 1275 1275 1330 tamen
1299 1286 1363 1350 quo
1393 1262 1477 1329 hanc
1506 1265 1693 1351 opinionem
1722 1264 1880 1352 Cypriani
1910 1261 2017 1329 refelli
2063 1293 2075 1310 ··

205 1357 317 1452 putem
339 1368 490 1454 profero:
510 1367 584 1431 Non
607 1365 704 1432 modo
727 1367 886 1432 credibile
909 1366 967 1433 sed
990 1391 1086 1455 qnam
1109 1368 1382 1434 verisimillimum
1406 1377 1456 1432 est
1477 1368 1755 1433 Lacedaemonios
1777 1389 1843 1434 non
1864 1367 1961 1432 modo
1983 1366 2017 1432 in

206 1469 296 1534 bello
319 1469 376 1535 sed
400 1473 498 1535 etiam
521 1471 556 1534 in
579 1491 661 1556 pace
690 1471 939 1556 tempestatibus
967 1493 1033 1536 non
1062 1474 1215 1558 spectatis
1245 1473 1408 1537 exercitos
1431 1493 1502 1536 esse
1525 1481 1558 1536 et
1577 1492 1694 1536 sereno
1716 1469 1807 1536 coelo
1830 1481 1863 1536 et
1884 1467 2017 1536 turbido

204 1582 367 1659 tempore:
390 1572 425 1637 id
448 1572 534 1659 quod
558 1573 655 1637 etiam
680 1582 840 1638 nostrates
863 1595 993 1661 semper
1014 1572 1148 1640 faciunt.

352 1696 499 1780 Ἅινιγμιι
520 1713 600 1758 vero
622 1695 808 1780 ἀνεξημητόν
829 1694 957 1758 invenit
979 1693 1078 1780 prr.
1107 1696 1143 1760 in
1165 1694 1277 1760 verbis
1300 1715 1384 1782 quae
1411 1694 1499 1780 apud
1520 1694 1771 1780 Xenophontem
1792 1691 1905 1758 addita
1927 1699 2017 1761 suut:

204 1799 254 1862 aui
275 1799 502 1884 ἀπειλημμένας
523 1797 575 1864 ἀπ’
598 1797 738 1881 astoer)
791 1797 884 1877 Quae
914 1797 1058 1883 profecto
1087 1797 1169 1862 nihil
1196 1797 1382 1884 significant
1409 1800 1472 1862 nisi
1503 1797 1582 1863 hoc:
1612 1796 1891 1863 Lacedaemonios
1919 1796 2019 1860 inter·
2072 1783 2075 1794 ’

205 1907 317 1985 captos
339 1899 430 1965 videt
452 1898 523 1964 Alc.
547 1921 566 1963 a
588 1907 685 1987 portu
708 1901 816 1983 (αὐτοῦ
838 1901 925 1966 enim
948 1899 989 1964 ad
1012 1901 1132 1985 λιμένος
1155 1912 1205 1966 est
1222 1901 1461 1982 referendum);
1485 1901 1557 1989 quis
1575 1923 1632 1966 eos
1650 1901 1831 1983 sejunxerit
1851 1921 1918 1963 non
1940 1907 2018 1986 puto

206 2003 428 2090 quaerendum
452 2025 539 2087 esse,
564 2023 637 2067 oum
660 2013 810 2089 apertum
832 2004 875 2068 sit
897 2003 1115 2089 Alcibiadem,
1138 2005 1277 2069 inscium
1299 2003 1441 2091 quidem,
1466 2003 1526 2068 hoc
1545 2004 1661 2070 fecisse
1685 2002 1731 2079 (id
1753 2003 1841 2089 quod
1863 2001 2019 2089 probatur

206 2105 316 2170 verbis
335 2128 419 2194 quae
437 2105 590 2192 leguntur
606 2107 642 2170 in
660 2108 687 2192 ἕ.
711 2108 766 2173 li:
786 2108 814 2174 oi
828 2113 906 2175 Πελ.
923 2109 1038 2188 ἰδόντες
1054 2111 1109 2189 uir
1123 2115 1186 2176 τῶν
1200 2111 1377 2196 Ἀθηναίων
1393 2111 1523 2198 τριήρεις
1541 2111 1630 2189 οὔσας
1644 2145 1682 2156 -
1696 2145 1732 2157 -
1749 2110 1821 2196 node
1838 2115 1886 2200 τῷ
1902 2108 2020 2192 λιμένι).

206 2207 320 2296 ltaque
348 2230 415 2273 uon
445 2232 489 2275 ex
511 2208 685 2274 Plutarcho
714 2209 928 2297 complendus
956 2222 1010 2274 est·
1032 2210 1229 2300 Xenophon.
1252 2247 1295 2260 -·
1325 2209 1391 2276 Sed
1414 2213 1435 2276 μ’
1442 2211 1480 2276 π’
1510 2213 1604 2278 αὐτοῦ
1633 2209 1731 2275 lectio
1762 2219 1812 2275 est
1839 2209 1962 2275 codicis
1991 2207 2021 2272 E

206 2312 300 2397 cujus
321 2311 413 2377 nulla
441 2322 490 2377 est
519 2314 713 2394 auctoritas,
743 2334 817 2378 cum
847 2313 998 2378 meliores
1026 2311 1104 2379 libri
1134 2335 1246 2378 omnes
1275 2313 1456 2380 exhibeant
1482 2315 1546 2380 ὕπ’
1568 2315 1680 2395 αὐτοῦ,
1711 2333 1794 2397 quae
1824 2334 1899 2376 cum
1921 2310 2020 2376 lectio

207 2415 329 2480 bonum
352 2414 509 2502 praebeat
531 2437 663 2481 sensum
691 2437 758 2481 non
787 2416 938 2504 intelligo
961 2440 1018 2484 cur
1046 2417 1138 2482 illam
1167 2418 1353 2504 receperint
1375 2416 1415 2484 G.
1439 2415 1607 2503 Sauppel)
1631 2424 1666 2480 et
1687 2413 1801 2492 Cobet
1846 2413 1882 2480 Si
1904 2413 2021 2501 proha-

209 2539 282 2583 mus
303 2517 477 2585 lectionem
499 2523 519 2586 si
526 2519 562 2585 π’
583 2522 678 2587 αὐτοῦ
684 2568 694 2604 ,
724 2541 904 2606 pronomen
926 2520 1133 2585 referendum
1158 2521 1273 2585 estad
1295 2518 1518 2602 Alcibiadem,
1543 2520 1598 2606 qui
1620 2517 1713 2584 videt
1733 2539 1835 2582 naves
1857 2516 2022 2584 Lacedae·
2105 2515 2109 2519 ’

210 2623 336 2686 monias
365 2643 385 2684 a
413 2644 449 2687 se
470 2619 666 2688 interclusas
695 2645 766 2687 esse
782 2633 827 2688 et
856 2623 988 2710 quidem
1018 2623 1212 2690 interclusas
1241 2632 1380 2711 apertu
1402 2621 1493 2687 urbis
1516 2620 1645 2708 Cynici,
1680 2620 1715 2686 id
1737 2619 1824 2708 quod
1846 2643 1890 2688 ex
1911 2620 2021 2686 verbis

210 2727 311 2813 πόρρω
332 2727 394 2793 c'nd
415 2734 470 2793 τοῦ
491 2728 610 2810 λιμένος
629 2719 730 2791 11110119
753 2724 990 2814 intelligitu17).

365 2845 440 2910 Jam
468 2869 548 2911 vero
571 2847 656 2912 Plut.
686 2869 752 2914 non
774 2858 812 2914 ut
835 2848 920 2913 Xen.
942 2857 1070 2926 narrat,
1100 2844 1353 2932 Peloponnesios
1383 2847 1566 2933 conspectis
1595 2842 1853 2911 Atheniensibus
1882 2844 1924 2910 ad
1946 2843 2023 2910 litus

210 2948 358 3034 fugasse,
388 2947 596 3015 Alcibiadem
626 2972 682 3015 eos
704 2953 958 3017 circumvectum
989 2962 1022 3016 et
1042 2950 1149 3036 ipsum
1178 2972 1280 3016 naves
1308 2949 1473 3037 appulisse
1502 2951 1599 3034 etin
1628 2957 1716 3013 terra
1743 2948 2022 3014 Lacedaemonios

212 3050 423 3135 devicisse⁸),
453 3052 512 3117 sed
534 3052 712 3123 secuudum
742 3053 834 3119 illum
865 3054 947 3120 haec
970 3063 1019 3120 est
1048 3055 1132 3118 ratio
1161 3075 1309 3140 pugnae:
1338 3053 1531 3119 Alcibiades
1559 3053 1677 3117 timeus
1705 3074 1747 3118 ue
1770 3052 2023 3119 Lacedaemonii

212 3152 350 3220 classem
367 3154 617 3223 Atheniensium
642 3179 793 3244 magnam
817 3158 977 3241 viderent,
1001 3168 1126 3223 ceteros
1144 3157 1245 3224 duces
1262 3157 1430 3245 paululum
1447 3178 1618 3224 remanere
1635 3155 1732 3243 jubet
1749 3155 1904 3243 lentoque
1926 3177 2023 3222 cursu

212 3257 305 3342 sequi
339 3258 445 3344 ipsum
482 3280 555 3322 cum
589 3257 633 3322 40
658 3260 798 3324 navibus
834 3283 868 3325 se
905 3258 1130 3325 ostendentem
1164 3262 1329 3347 (ἐφαίνετο)
1363 3267 1396 3326 et
1429 3258 1539 3326 hostes
1568 3259 1610 3324 ad
1640 3279 1783 3347 pugnam
1814 3258 2022 3326 allicientem.

213 3358 465 3426 Lacedaemonii
482 3382 625 3448 pugnam
645 3384 719 3427 cum
741 3383 781 3427 eo
800 3363 1039 3428 committentes
1062 3370 1242 3428 ceterarum
1261 3361 1513 3428 Atheniensium
1533 3363 1668 3428 navium
1690 3353 1836 3428 adventu
1857 3365 2023 3450 perterriti

212 3483 286 3528 cum
307 3461 473 3549 fugerent,
496 3463 567 3530 Alc.
592 3487 666 3531 cum
687 3467 731 3530 20
754 3467 886 3553 optimis
907 3465 1048 3532 navibus
1071 3474 1243 3553 pervectus
1266 3467 1483 3546 (διεκπλεύσας)
1505 3487 1560 3530 eas
1582 3464 1720 3553 appellit
1741 3474 1891 3554 terraque
1913 3466 2023 3532 hostes

260 3822 280 3877 d
373 3740 397 3804 ¹)
415 3737 486 3794 Nolo
503 3755 630 3823 premere
648 3739 864 3808 discrepantiam
882 3755 982 3794 vocum
1000 3739 1095 3811 πόρρω
1112 3741 1169 3798 ἀπὸ
1188 3745 1217 3796 et
1232 3740 1296 3812 πρό,
1314 3757 1483 3812 quamquam
1500 3755 1558 3795 non
1576 3745 1651 3796 reete
1672 3739 1719 3796 Gr.
1743 3740 1906 3810 complace
1923 3740 2023 3796 tollere

215 3828 260 3876 atu
280 3829 309 3878 et
326 3825 344 3880 l.
362 3826 382 3880 l.
401 3827 460 3894 105,
479 3827 537 3881 780.

371 3911 397 3976 ²)
415 3911 485 3968 Xan.
507 3917 548 3980 55.
568 3914 600 3964 11
619 3916 649 3966 et
668 3913 700 3966 16
718 3913 866 3982 sexaginta
882 3911 968 3966 luisse
986 3927 1071 3966 naves
1088 3894 1324 3968 Lacedaemonias
1342 3911 1427 3980 dicIt,
1445 3929 1508 3966 cum
1524 3911 1606 3967 Diod
1625 3911 1694 3967 XIII
1706 3913 1742 3967 50
1758 3913 1902 3982 octoginta
1919 3905 2024 3968 tradat.

214 3993 300 4050 Recta
318 3994 535 4066 Xenophontem
553 4003 665 4054 secutus
683 4003 727 4052 est
744 3997 781 4065 Ε,
797 3999 916 4065 maius,
934 3997 962 4052 11
979 3999 1038 4067 664,
1057 3999 1091 4050 88
1108 3997 1277 4054 novenum.
1295 3997 1392 4058 dicens
1410 4003 1506 4068 captas
1520 4015 1582 4054 esse
1596 3998 1632 4053 ab
1648 3997 1866 4054 Atheniensibus
1880 4021 1914 4044 =
1927 4013 2023 4052 omnes

213 4097 299 4135 naves
317 4083 442 4152 exceptis
462 4081 652 4152 Syracusanis
662 4083 851 4154 duoetviginti
869 4082 953 4150 (Heli,
972 4085 988 4156 ξ
1004 4087 1037 4138 18
1053 4084 1104 4139 clr.
1121 4083 1212 4139 Thulr.
1227 4083 1297 4140 VIII
1314 4085 1364 4154 265
1382 4083 1464 4142 Diod.
1483 4083 1553 4140 xm
1570 4087 1619 4154 at;
1638 4085 1691 4150 68).
1711 4081 1862 4138 Diodorum
1876 4083 1906 4137 iu
1919 4082 2023 4140 talibus

127 4218 131 4224 .
214 4166 297 4221 rebus
315 4167 510 4239 indiligentem
528 4167 615 4225 laissa
632 4174 729 4225 uotum
747 4175 799 4226 est.
835 4170 883 4227 olr.
903 4169 1031 4242 Krueger
1048 4171 1083 4224 ad
1101 4169 1184 4225 Dion.
1201 4187 1265 4242 pag.
1284 4173 1347 4240 3205
1366 4171 1418 4226 524
1435 4189 1476 4242 aq.

371 4255 397 4320 ³)
415 4271 479 4324 pag.
497 4257 546 4309 51:
564 4253 673 4326 φανερὰ
689 4255 846 4327 διαστροφή
868 4262 918 4326 τῆς
935 4255 1077 4328 ἀληθείας.

370 4341 396 4406 ⁴)
416 4342 472 4394 Gur
490 4341 565 4396 enim
582 4343 752 4411 epitomator
769 4342 872 4398 omissa
890 4359 958 4398 vera
975 4344 1086 4398 ratione
1103 4343 1202 4398 falsam
1220 4343 1280 4412 ipse
1296 4343 1400 4400 linxit?
1435 4342 1484 4398 clr.
1504 4343 1681 4414 Παπαζωιμ
1698 4342 1718 4395 1
1736 4341 1754 4395 1
1774 4342 1832 4395 114.

373 4428 398 4492 7)
416 4426 434 4481 1
452 4424 472 4481 l.
489 4443 556 4496 pag.
573 4429 614 4482 52.
633 4459 666 4469 -
684 4429 837 4483 maentitur
855 4428 888 4482 G.
905 4427 1010 4499 Meyer,
1027 4429 1046 4486 1
1064 4429 1083 4484 1.
1104 4433 1144 4484 11.

373 4511 398 4579 ⁶)
417 4511 619 4568 Schneiderum
636 4515 758 4582 secutus,
778 4515 825 4584 qui
843 4515 974 4570 adnotat:
992 4515 1079 4583 „haec
1096 4515 1185 4570 verba
1200 4513 1282 4570 valde
1299 4519 1365 4570 sunt
1381 4515 1526 4571 obscura.“

372 4597 398 4665 τ)
416 4597 544 4670 Krueger
561 4597 598 4654 ad
615 4597 696 4660 Dion
714 4601 783 4656 285:
803 4599 942 4669 „Mindari
959 4618 1044 4656 naves
1063 4601 1161 4672 procul
1179 4618 1196 4654 a
1212 4604 1298 4670 portu
1315 4617 1346 4656 se
1364 4604 1563 4664 exercentem
1580 4615 1608 4652 ει
1625 4597 1796 4667 interceptas
1813 4598 1916 4655 videt“
1927 4627 1961 4639 -
1974 4597 2025 4652 cfr.

214 4681 377 4738 &ascher
394 4684 413 4737 l.
431 4685 451 4742 1.
469 4685 528 4740 895.
547 4715 578 4728 -
598 4683 787 4740 Breitenbaeh
806 4684 878 4741 adl.
898 4716 930 4728 -
949 4685 1009 4756 Quo
1026 4687 1116 4757 igitur
1130 4688 1195 4758 jure
1213 4677 1270 4756 Gr,
1289 4687 1334 4742 cui
1351 4685 1422 4741 haec
1440 4686 1537 4756 ignota
1554 4701 1617 4740 esse
1643 4687 1795 4754 nequeunt,
1813 4683 1909 4738 dicere
1928 4684 2026 4754 possit,

216 4771 276 4839 105,
293 4771 358 4825 78οι
377 4769 598 4842 ,ἀπειλημμένας
621 4771 684 4828 ὑπ’
701 4772 790 4828 αὐτοῦ
809 4772 888 4842 giebt
905 4772 935 4826 iu
953 4772 1133 4844 verbindung
1151 4769 1598 4844 miseratamiserata
1618 4770 1721 4826 kainon
1737 4770 1936 4841 vernunstigen
1953 4769 2026 4840 dnn,

215 4871 261 4910 am
278 4858 444 4927 wenigstem
461 4873 545 4912 wenn
562 4862 646 4913 anter
663 4857 752 4915 αὐτοῦ
769 4857 830 4918 Alc.
849 4877 884 4914 zu
901 4857 1052 4914 verstehen
1069 4861 1170 4925 wire,⁴‘
1189 4857 1320 4928 equidem
1337 4875 1391 4914 non
1418 4857 1507 4928 capio.
1548 4856 1582 4914 A.
1608 4856 1698 4922 Lares
1722 4855 1740 4909 l.
1768 4856 1787 4913 1
1812 4857 1846 4911 15
1870 4855 1958 4911 verbs
1979 4857 2028 4912 acl

87 5001 92 5006 ,
215 4942 302 4998 ἄκεα.
321 4943 367 5000 iu*
386 4943 475 5000 αὐτοῦ
492 4944 577 5013 piane
600 4945 772 5001 removenda
795 4961 857 5000 esse
875 4961 891 5000 e
912 4949 1045 5000 contextu
1063 4950 1168 5014 censet,
1185 4944 1259 5014 quod
1276 4948 1371 5000 mareu
1388 4941 1458 4998 mihi
1475 4957 1533 4996 non
1561 4941 1701 5011 probarit
1732 4970 1765 4982 ·-
1796 4939 1831 4994 E.
1856 4939 1933 4996 Rura
1964 4958 2028 4996 cum

215 5029 340 5100 Sauppio
358 5031 442 5104 legit:
467 5029 527 5088 ἀπ’
552 5031 658 5102 amni,
676 5032 827 5101 „wodurch
841 5032 907 5101 jede
925 5031 1134 5102 aohwierigkeit
1151 5031 1203 5084 dar
1219 5029 1370 5099 erklarung
1386 5028 1524 5099 bereitigt
1539 5027 1594 5082 ἰεῦ*
1611 5026 1642 5081 Ζ
1668 5027 1701 5085 G.
1726 5025 1771 5080 W.
1794 5025 1919 5096 XXVII,
1952 5030 2028 5099 1878,

215 5133 264 5186 pg.
281 5117 324 5183 78,
342 5121 541 5187 contraquam
558 5121 637 5173 recte
654 5117 812 5188 disputasti
827 5116 1089 5174 Buechsenschuets
1107 5116 1211 5172 ibidem
1229 5117 1289 5174 781.

376 5204 401 5269 ²)
418 5204 491 5262 Xen.
507 5223 561 5260 aaa
577 5207 683 5282 narrat,
702 5203 777 5276 quod
793 5203 912 5263 Buechs.
931 5221 994 5259 eum
1010 5217 1127 5258 narrare
1144 5202 1215 5258 falso
1233 5201 1305 5256 dicit
1320 5202 1351 5268 (l.
1369 5202 1387 5256 1
1404 5201 1476 5270 828),
1495 5198 1671 5256 Alcibiadem
1688 5213 1752 5252 cum
1762 5197 1798 5252 80
1814 5197 2028 5255 navsssnabses·

217 5287 379 5344 daemonios
393 5299 557 5358 μενιιιιιιιιιιι
574 5308 634 5346 me.
909 5315 913 5326 ·
1790 5370 1809 5424 4
