4820 6094
1271 482 1425 581 ’,ι-οφ

443 711 511 752 non
534 697 591 770 est,
615 687 875 774 Xenophontem,
899 689 955 774 qui
976 687 1149 775 plurimam
1172 689 1259 753 vitae
1282 691 1406 776 partem
1424 709 1496 762 ‚non
1518 687 1657 754 Athenis
1680 712 1786 777 neque
1807 692 1840 754 in
1865 692 1976 758 Attica
2006 692 2062 757 sed
2096 694 2129 758 in
2158 695 2249 758 Ionia

444 803 479 856 et
501 794 534 856 in
559 790 784 876 Peloponneso
807 791 899 876 degit
921 799 954 856 et
976 793 1032 878 qui
1063 791 1203 878 plurima
1233 815 1333 880 opera
1362 793 1557 879 tdtimosque
1596 794 1692 858 etiam
1725 792 1968 860 Hellenicorum
2008 794 2109 868 libros
2148 819 2249 862 senex

444 895 779 982 scripsitusurpasse
801 894 902 960 multa
924 893 1084 960 vocabula
1104 897 1186 974 ἅπαξ
1208 899 1352 985 είρημίνα
1380 894 1423 976 (h.
1443 917 1471 960 e.
1502 917 1585 982 quae
1613 897 1700 982 apud
1724 918 1779 962 eos
1804 899 1979 986 scriptores
2013 899 2100 964 illius
2135 888 2248 964 aetatis

443 1021 509 1062 non
533 999 750 1081 inveniuntur,
775 1017 854 1082 quos
876 1006 1022 1062 servatos
1045 1020 1103 1062 nos
1139 998 1355 1081 habemuw).
1402 999 1538 1064 Sumere
1567 999 1664 1064 ctiam
1697 1010 1807 1064 nostro
1833 1003 1909 1087 jure
1948 1023 2132 1089 possumus,
2172 1003 2248 1068 talia

444 1100 604 1166 vocabula
619 1103 688 1186 jam
713 1111 781 1166 tum
804 1103 839 1166 in
861 1123 1010 1166 sermone
1034 1102 1196 1167 cotidiano
1219 1103 1317 1168 fuisse
1338 1111 1493 1187 usurpata
1520 1101 1662 1189 indeque
1698 1125 1718 1167 a
1748 1104 1962 1191 Xenophonte
1991 1115 2134 1191 recepta,
2176 1129 2248 1170 cum

445 1205 545 1270 multo
569 1204 697 1270 demum
721 1216 794 1290 post
815 1205 849 1268 in
873 1226 1077 1270 communem
1099 1207 1292 1292 scriptorum
1315 1228 1409 1271 usum
1430 1207 1666 1291 pervenissent.
1712 1206 1848 1272 Etiamsi
1876 1190 2033 1272 nonnulla
2061 1211 2248 1295 posterioris

445 1297 560 1374 aetatis
584 1307 869 1396 interpolatoribus
892 1308 1038 1374 tribuere
1060 1311 1230 1395 possimus,
1260 1309 1401 1396 plurima
1427 1321 1535 1376 tamen
1568 1333 1586 1374 e
1613 1310 1842 1396 Xenophontis
1876 1311 2037 1377 idiotismo
2070 1323 2140 1376 orta
2179 1335 2247 1378 esse

445 1414 608 1478 videntur.

598 1514 644 1579 Ut
660 1515 731 1600 jam
754 1536 796 1590 ex
819 1516 935 1579 ceteris
958 1536 1037 1600 quos
1060 1513 1244 1600 Cyprianus
1266 1515 1373 1581 attulit
1395 1515 1474 1584 locis
1496 1515 1668 1581 nonnullos
1686 1526 1829 1597 tractem,
1853 1519 1887 1580 in
1906 1517 2123 1584 describenda
2140 1543 2248 1606 pugna

445 1641 464 1683 a
486 1617 691 1705 Thrasybulo
715 1628 748 1682 et
769 1619 905 1705 triginta
926 1620 1073 1704 tyrannis
1095 1618 1137 1682 ad
1160 1619 1332 1684 Peiraeum
1356 1623 1528 1685 commissa
1551 1619 1647 1701 (114,
1672 1621 1713 1683 10
1735 1625 1816 1706 sqq.)
1839 1619 1904 1684 duc
1934 1619 2059 1707 proelia
2088 1625 2123 1688 in
2150 1645 2248 1688 unum

445 1746 515 1788 esse
539 1733 652 1788 coacta
674 1722 842 1786 contendit
865 1720 906 1785 ab
930 1721 1184 1808 epitomatore.²)
1231 1723 1340 1810 Cujus·
1362 1725 1410 1790 rei
1439 1725 1503 1788 tria
1529 1724 1653 1810 profert
1680 1733 1888 1810 argumenta:
1933 1724 2076 1790 Primum
2115 1727 2249 1792 offendit

444 1827 478 1890 in
498 1826 606 1889 verbis
625 1827 653 1892 οἱ
676 1827 711 1892 τό
732 1827 828 1902 δεξιὸν
845 1825 966 1911 ἔχοντες
985 1825 1026 1910 (5.
1049 1825 1109 1907 13),
1129 1825 1242 1890 dicens
1265 1827 1373 1893 hostes
1391 1826 1587 1913 Thrasybuli
1599 1829 1763 1913 -ccpias
1783 1839 1992 1910 tyrannorum
2007 1832 2091 1894 —in
2110 1832 2165 1894 via
2183 1843 2246 1895 tam

375 2011 381 2022 ι
444 1940 583 2014 angusta
605 1929 705 1993 fuisse
727 1938 764 1992 ut
785 1928 934 1993 dextmm
957 1937 1013 1994 aut
1034 1927 1164 2014 laevum
1196 1951 1306 1996 eorum
1335 1953 1435 1995 cornu
1459 1931 1599 1995 discerni
1629 1951 1693 1993 non
1721 1932 1879 2015 potuisset
1900 1931 1942 2016 (ᾗ.
1967 1933 2022 1997 11:
2042 1939 2248 2016 συνετάξαντο,

443 2032 520 2101 ὥστε
539 2037 694 2119 ἐμπλῆσαι
704 2035 762 2120 τήν
778 2035 850 2100 ὁδὸν
861 2071 904 2080 -
916 2037 1019 2100 -καὶ
1036 2035 1172 2120 ἐγένοντο
1189 2033 1289 2119 deddc
1306 2037 1359 2102 oria
1376 2035 1502 2102 ἔλαττον
1519 2035 1543 2121 ἢ
1559 2038 1609 2099 ἐπί
1626 2037 1813 2122 πεντήκοντα
1829 2037 2023 2114 ιίστιίδων)3).
2052 2037 2118 2102 Sed
2136 2040 2249 2126 quidni

445 2138 542 2202 etiam
568 2137 608 2200 de
631 2158 753 2232 paruae
777 2137 860 2202 aciei
877 2135 999 2218 ,dextra
1022 2147 1055 2202 et
1077 2139 1210 2202 sinistra
1231 2158 1336 2202 sermo
1371 2159 1441 2202 esse
1468 2137 1599 2224 potest?
1649 2138 1716 2202 Nos
1755 2139 1900 2225 profecto
1940 2141 2067 2204 etiamsi
2106 2144 2248 2228 quinque

444 2247 568 2306 tantum
592 2240 739 2306 homines
761 2241 795 2304 in
818 2240 931 2304 ordine
955 2240 1105 2306 videmus
1127 2243 1301 2306 instructos
1324 2240 1478 2305 dextrum
1498 2241 1691 2326 laevumque
1710 2240 1824 2306 horum
1844 2263 1945 2308 cornu
1964 2243 2073 2309 dicere
2092 2245 2247 2328 solemus;

396 2355 399 2361 '
444 2345 506 2411 hac
527 2367 606 2409 vero
624 2346 658 2408 in
681 2367 799 2431 pugna,
823 2367 895 2438 cum
918 2355 1050 2432 praeter
1071 2347 1208 2434 φρονροῖν
1231 2344 1563 2410 Lacedaemoniorum
1586 2344 1683 2425 (113,
1708 2344 1762 2426 14)
1786 2347 1848 2408 tria
1870 2346 1937 2412 fere
1965 2345 2055 2411 milia
2083 2347 2247 2414 hominum

445 2449 632 2536 apartibus
655 2448 783 2512 illorum
807 2457 1019 2534 tyrannorum
1041 2449 1140 2512 fuisse
1163 2448 1357 2514 sumendum
1380 2449 1424 2512 sit
1446 2448 1544 2527 (113,
1569 2447 1631 2528 18),
1654 2449 1811 2533 sexageni
1839 2449 1903 2513 viri
1932 2452 1966 2513 in
1994 2451 2131 2536 singulis
2164 2453 2248 2516 urdi-

443 2554 539 2619 nibus
564 2562 664 2619 erant.

444 2770 587 2826 mentum
611 2759 777 2846 Cypriane
799 2760 973 2846 praebent:
997 2761 1030 2823 in
1051 2757 1230 2825 Hellenicis
1250 2762 1333 2824 enim
1358 2760 1452 2824 nobis
1474 2758 1610 2824 servatis
1633 2757 1674 2820 de
1692 2756 1781 2822 nullo
1804 2756 1867 2822 alio
1890 2759 2012 2844 proelio
2036 2779 2106 2826 esse
2128 2762 2249 2826 dictum

444 2859 609 2932 contendit
631 2885 726 2950 quam
749 2863 791 2928 de
814 2867 956 2950 equestri
980 2863 1035 2929 illo
1058 2864 1145 2952 quod
1167 2864 1210 2928 ad
1232 2862 1359 2949 Phylen
1383 2863 1481 2928 multo
1496 2862 1574 2949 plus
1602 2862 1735 2946 quiaque
1764 2861 1874 2926 diebus
1901 2873 1972 2926 onte
2002 2886 2146 2949 pugnam
2178 2865 2249 2929 Pei-

444 2991 611 3033 raaensem
636 2969 841 3032 commissum
862 2969 947 3047 sit4).
991 2965 1088 3032 Unde
1112 2967 1173 3030 hoc
1187 2969 1368 3053 ¹sumpserit
1386 2965 1570 3052 Cyprianus
1589 2963 1685 3049 plane
1703 2966 1830 3042 nesci03
1854 2986 1896 3029 ex
1914 2965 2142 3052 Xenophontis
2160 2968 2247 3032 enim

444 3071 628 3136 narratione
652 3069 762 3154 colligi
784 3069 881 3157 plane
904 3071 1027 3156 nequit,
1047 3070 1120 3156 plus
1143 3073 1285 3156 quinque
1308 3069 1378 3134 dies
1400 3068 1621 3134 intercessisse
1644 3067 1728 3131 inter
1749 3089 1892 3154 pugnam
1916 3068 1958 3133 ad
1983 3068 2108 3156 Phylen
2129 3072 2248 3135 factam

445 3183 477 3238 et
500 3173 738 3252 Peiraeensem,
761 3172 802 3238 de
826 3195 889 3258 qua
910 3173 971 3237 hoc
994 3173 1065 3238 loco
1098 3195 1203 3238 sermo
1233 3176 1324 3252 θεαί)
1376 3172 1607 3236 Accusativum
1642 3191 1721 3235 vero
1756 3170 1982 3256 temporalem,
2023 3175 2078 3259 qui
2118 3173 2246 3256 dicitur,

444 3276 542 3360 etiarn
565 3275 611 3339 ita
633 3297 653 3338 a
676 3275 893 3362 Xenophonte
916 3287 1105 3362 usurpatum
1130 3297 1210 3354 esse,
1234 3286 1270 3340 ut
1291 3274 1452 3362 significet
1473 3285 1572 3362 quoto
1595 3273 1648 3338 die
1671 3283 1746 3338 ante
1769 3296 1837 3337 rem
1859 3275 2000 3361 aliquam
2028 3275 2130 3340 altera
2154 3298 2248 3364 qnae-

444 3381 519 3445 dam
549 3403 601 3445 res
631 3381 673 3444 sit
701 3380 835 3464 factassl,
866 3381 1005 3466 probant
1033 3380 1098 3444 duo
1128 3380 1190 3445 loci
1220 3379 1464 3466 Xenophontei:
1493 3377 1574 3463 Kyr.
1606 3375 1653 3440 VI
1682 3377 1718 3455 3,
1751 3378 1806 3441 ll:
1841 3385 1891 3444 καί
1919 3383 2010 3465 §geu
2038 3384 2087 3446 καί
2108 3383 2247 3475 τρίτην

444 3487 595 3572 η’μίραν
617 3487 653 3551 τὸ
673 3486 747 3551 αὐτὸ
768 3485 916 3569 ἔπραττον
938 3494 972 3548 et
992 3487 1056 3549 An.
1078 3482 1126 3548 IV
1148 3485 1179 3567 5,
1202 3484 1259 3551 24:
1282 3486 1437 3572 θνγατέρα
1458 3485 1601 3570 ἐνάτην
1622 3482 1775 3568 η’μίραν
1796 3485 2052 3571 γεγαμημένηνί)

398 3659 407 3682 1
598 3587 746 3652 Tertium
767 3610 846 3653 vero
869 3599 1096 3672 argumentum
1120 3589 1219 3652 sumit
1237 3587 1420 3674 Cyprianus
1443 3610 1461 3652 e
1482 3607 1564 3652 voce
1578 3582 1708 3671 τρόπαια
1721 3586 1761 3669 (ᾗ.
1787 3586 1853 3666 14);
1877 3587 1949 3666 Quo
1972 3588 2058 3651 enirn
2076 3588 2152 3674 jure
2173 3588 2246 3676 plu-

444 3690 504 3756 rali
527 3712 661 3755 numero
685 3691 786 3754 utitur
807 3690 1041 3774 Thrasybulus,
1066 3711 1139 3754 cum
1162 3711 1264 3753 unum
1286 3699 1412 3755 tontum
1433 3698 1601 3774 tropaeum
1616 3699 1713 3752 antea
1728 3690 1772 3752 sit
1787 3693 2129 3770 commemoratum?¹)
2153 3690 2247 3770 Quod

443 3879 613 3934 Manethone
630 3876 735 3932 Duride
753 3875 875 3932 Diodors
892 3875 993 3932 Nicata
1009 3876 1144 3946 Dionysio
1162 3875 1319 3932 Plutarcho.
1353 3876 1399 3931 En
1417 3862 1654 3932 hebetatiores
1672 3878 1709 3931 ab
1726 3893 1784 3930 una
1800 3875 1896 3930 littera
1911 3877 1937 3931 A
1954 3894 2050 3932 omnes
2073 3878 2247 3947 incipientes.

445 3965 589 4020 -Etiam
607 3964 683 4034 apud
700 3961 892 4033 Thucydidem
916 3965 1018 4018 multas
1043 3963 1164 4034 legimus
1188 3978 1271 4020 voces
1291 3962 1366 4031 ἅπαξ
1384 3961 1527 4035 εἰρημένας
1543 3963 1589 4017 νο1
1613 3979 1677 4016 raro
1702 3967 1865 4032 usurpatas,
1891 3980 1961 4032 quae
1985 3964 2060 4033 apud
2077 3965 2246 4034 posteriores

443 4051 556 4107 demum
574 4052 675 4106 iterum
693 4050 885 4119 reperientem
906 4050 955 4108 cfr.
973 4050 1001 4105 J.
1014 4049 1195 4118 Classenium,
1212 4049 1232 4103 l.
1249 4050 1267 4106 l.
1285 4065 1350 4119 pag.
1368 4048 1513 4116 LXXXII,
1530 4047 1583 4102 hoo
1600 4047 1636 4102 ds
1649 4066 1679 4102 ra
1697 4054 1827 4120 agentern
1845 4049 1893 4118 qui
1910 4048 2052 4104 interulis
2069 4047 2148 4102 addit
2164 4049 2247 4104 haec:

445 4157 490 4207 „es
508 4138 580 4194 fehlt
597 4155 649 4192 nus
667 4136 718 4192 der
734 4137 934 4192 ansreichende
948 4133 1089 4192 maasstab'
1104 4136 1213 4204 dassen,
1230 4153 1287 4191 was
1301 4137 1331 4189 in
1343 4134 1395 4189 der
1405 4134 1570 4206 gehildeten
1584 4133 1701 4203 apreche
1714 4131 1822 4189 Athens
1835 4133 1941 4188 damsls
1955 4134 2153 4204 gebrauchlich
2165 4138 2247 4190 war!

604 4227 627 4293 ¹)
646 4225 696 4278 cir.
710 4223 853 4278 Beclrhaus
867 4224 885 4278 1.
899 4224 919 4277 l.
932 4241 978 4294 pg.
993 4226 1040 4293 16;
1058 4226 1106 4293 18,
1120 4253 1152 4266 -
1166 4222 1340 4293 Bernhardy,
1358 4222 1461 4293 griech.
1476 4221 1581 4291 Syntax
1595 4237 1641 4291 pg.
1655 4221 1697 4274 23.
1706 4251 1740 4262 —
1749 4220 1876 4290 Heilaud,
1891 4225 1998 4289 quaest
2012 4220 2048 4275 de
2061 4220 2127 4279 dial.
2139 4222 2211 4278 Xen.
2222 4225 2247 4279 l.

599 4314 624 4378 ²]
643 4327 689 4382 pg.
708 4312 754 4368 62:
774 4310 790 4368 ὁ
809 4308 952 4379 &trauain
970 4309 1068 4380 ἔκαμεν
1086 4308 1140 4366 {dd
1155 4313 1283 4382 μεγίστην
1300 4310 1493 4380 παρανομίαν,
1511 4307 1563 4364 δύο
1580 4307 1671 4377 μοίρας
1688 4305 1804 4376 dhisum
1820 4309 1860 4372 είς
1876 4309 1950 4377 μίαν.

600 4397 713 4466 ³).t1.:
738 4397 766 4453 ol
789 4395 911 4464 πολέμιοι
935 4393 1005 4453 εἶναι
1027 4395 1264 4468 παρατεταγμένοι
1287 4395 1346 4454 iilos
1370 4393 1400 4452 ἐν
1423 4401 1457 4468 τῇ
1483 4394 1554 4470 ὁδῷ,
1573 4393 1644 4450 ἔνθα
1668 4391 1716 4450 aa
1739 4391 1948 4454 cicatricantia
1971 4394 2007 4452 νᾶ
2031 4393 2165 4470 διακριθῇ·
2183 4395 2247 4452 οὔτε

443 4481 534 4550 δεξιὸν
553 4481 617 4539 οὕτε
635 4483 777 4553 εὐώνυμον
793 4490 882 4556 κέρας.
1521 4529 1525 4538 .
1786 4497 1789 4508 '
1996 4475 2000 4495 ⁵

601 4573 625 4636 ί)
643 4569 661 4621 1.
679 4569 697 4624 L
716 4569 780 4626 leot
798 4571 816 4640 ἡ
834 4568 974 4638 ἀπόδειξις
991 4568 1036 4626 ὅτι
1052 4569 1106 4625 δύο
1122 4573 1215 4639 μσίχας
1232 4567 1398 4638 οννίθίιψεν
1415 4568 1454 4630 τίς
1470 4568 1536 4636 μίαν
1554 4565 1570 4621 ὁ
1589 4563 1739 4636 ἔπιτομειίς.
1775 4567 1791 4623 ὁ
1818 4567 2014 4638 Θρασύβουλος
2031 4565 2113 4638 lipsa,
2131 4567 2176 4624 ὅτι
2191 4568 2246 4639 πρὸ

442 4653 524 4710 πέντε
547 4653 655 4726 ἡμερῶν
679 4652 797 4724 ἐνέρδισε
822 4657 914 4726 νίκην,
945 4655 1009 4725 περί
1033 4650 1066 4728 ἧς
1090 4654 1174 4712 cteta
1199 4656 1376 4725 γνωρίζωσιν
1400 4653 1427 4709 ol
1452 4651 1640 4722 ἀναγνώσται·
1662 4655 1729 4722 μίαν
1752 4653 1840 4725 μόνην
1867 4655 1944 4724 νίνην
1969 4659 2019 4711 τοῦ
2048 4654 2247 4726 Θρασνβοιίίον

442 4740 605 4810 γνῶσαονσι,
622 4739 673 4808 τὴν
691 4740 753 4812 περί
773 4739 873 4812 dulim.
909 4740 966 4798 ἀλλ’
985 4738 1056 4812 αὕτη
1075 4739 1176 4812 σννίβη
1194 4739 1236 4809 dxc
1255 4737 1308 4811 νιρό
1327 4740 1344 4792 5
1361 4737 1469 4810 ἡμερῶν
1487 4737 1558 4794 ἀλλὰ
1573 4738 1644 4794 πολὺ
1662 4739 1803 4809 πρότερον.

600 4827 624 4892 ⁵)
643 4829 692 4880 cir.
712 4826 741 4880 C.
759 4825 856 4889 Peter,
875 4823 1025 4880 Zeittaleln
1043 4826 1094 4880 der
1111 4824 1218 4897 grierh.
1237 4823 1336 4880 (leuch.
1354 4841 1402 4892 pg.
1419 4825 1467 4892 87,
1498 4825 1556 4878 165.
1592 4821 1625 4882 E.
1644 4823 1765 4888 Curtius,
1783 4821 1888 4894 griech
1908 4823 2007 4880 Gesch
2025 4822 2067 4879 111
2084 4826 2132 4892 823
2152 4825 2247 4894 Grato,

442 4909 550 4981 history
568 4912 598 4965 of
613 4911 719 4966 Graeca
737 4909 806 4964 VIII
824 4913 882 4968 365.
902 4943 934 4952 —
953 4911 1068 4980 Haenel,
1087 4913 1122 4966 26
1140 4929 1182 4982 sq.
1201 4941 1233 4951 -
1252 4909 1422 4976 Lachmann,
1440 4908 1535 4978 gcsch.
1554 4907 1773 4965 Griechenlands
1791 4910 1864 4966 173.
2248 4916 2252 4924 ¹

598 4997 624 5065 ⁶)
643 4997 728 5066 ,jetzt
745 4997 810 5048 vor*
829 4995 962 5068 Krusgen
981 5013 1097 5068 gramm.
1114 4998 1158 5065 46,
1176 4997 1201 5065 3,
1220 4998 1244 5049 1.

598 5083 623 5149 ἵ)
641 5083 691 5140 cir.
709 5081 836 5151 Krueger
853 5079 889 5136 ad
906 5082 934 5140 h.
953 5083 970 5138 t
990 5087 1019 5137 et
1036 5082 1072 5136 ad
1090 5081 1180 5136 Thule.
1198 5079 1266 5135 vm
1284 5081 1324 5150 23,
1344 5083 1376 5146 1;
1395 5079 1428 5137 B.
1446 5078 1587 5150 Knehner,
1605 5099 1720 5152 gramm.
1739 5085 1799 5151 410,
1818 5082 1917 5138 5:11
1936 5085 1949 5136 1
1968 5099 2032 5152 pag.
2050 5083 2110 5137 269.

599 5166 695 5236 ε)1.1.
718 5167 764 5223 ναί
782 5165 849 5238 ἄλλη
875 5166 1028 5236 ἀπόδειξις,
1052 5165 1095 5224 ὅτι
1119 5168 1171 5225 driu
1195 5167 1287 5237 μοίρας
1313 5169 1465 5224 mariscae
1491 5171 1530 5234 είς
1552 5171 1620 5239 μίαν
1643 5170 1658 5226 ὁ
1678 5169 1828 5239 maronae·
1847 5170 2006 5242 τρόπαια
2022 5168 2135 5226 πολλὰ
2154 5169 2246 5236 (ubit)

441 5256 601 5324 μνημονεύει
620 5255 635 5311 ὁ
656 5255 854 5326 Θρασύβουλος
872 5252 901 5310 ἔν
920 5247 990 5330 diss
1006 5253 1053 5310 aul
1071 5255 1158 5324 μόνον
1175 5254 1207 5312 τὸ
1228 5253 1258 5312 ἐν
1275 5257 1293 5310 6
1310 5256 1487 5326 γνωρίζουσιν
1504 5257 1531 5312 ol
1548 5256 1729 5326 ἀναγνῶσται,
1747 5255 1778 5312 τὸ
1796 5256 1859 5328 περί
1879 5257 1977 5330 Φυλήν.
