4820 6094
1332 512 1371 576 18

446 718 529 803 Kyr.
552 715 652 794 IV2,
672 717 734 800 47,
761 715 842 795 V5,
868 716 921 794 15,
953 715 1038 779 Heli.
1068 715 1175 800 Vll,
1207 718 1265 800 133
1294 717 1340 784 ἴθι
1363 719 1551 802 ἔξιτάσωμεν
1574 719 1699 784 Corum.
1729 718 1831 794 1114,
1858 719 1894 783 7:
1917 721 1987 806 φέρι
2011 719 2114 806 δη
2077 747 2131 788 ουκ
2153 721 2258 790 οἴεσθέ

445 842 515 906 rep.
521 819 659 886 Athen
681 819 713 899 3,
734 817 801 898 5.¹)

603 923 713 987 Verba
731 944 815 1007 quae
834 920 986 1007 leguntur
1005 923 1111 1002 V111,
1130 925 1202 989 23³
1186 926 1378 1010 εγγενόμενος
1388 927 1432 994 δι’
1448 955 1491 1005 τις
1509 929 1701 1012 Λυκομήδης
1720 927 1904 1005 Μαντινεύς,
1921 927 2024 1025 γξνει
2042 955 2079 997 τι
2099 927 2259 1006 οὐδενὸς

446 1031 583 1114 ἐνδεής
600 1029 745 1114 χρήμασί
756 1055 787 1094 τι
800 1029 961 1113 προσήκων
971 1033 1033 1094 κτλ.
1048 1030 1130 1091 mira
1148 1036 1265 1112 putans
1278 1028 1497 1114 Cyprianns2)
1516 1027 1591 1092 olim
1611 1029 1766 1116 scriptum
1781 1029 1923 1092 affirmat
1941 1033 1973 1094 ἐν
1991 1033 2034 1096 rai
2053 1032 2258 1122 πριιτοτύπῳι

446 1133 529 1217 γένος
547 1131 666 1210 οὐδενός
684 1129 788 1217 ἥσσων
805 1135 854 1195 καὶ
872 1137 934 1196 τῶν
950 1133 1051 1196 ἄλλων
1069 1138 1131 1197 τῶν
1149 1138 1249 1198 καλῶν
1266 1134 1320 1197 οὐκ
1337 1130 1451 1220 ἐνδεής.
1487 1130 1553 1195 Sed
1571 1130 1656 1196 illiue
1678 1132 1810 1216 positivi
1833 1129 1940 1219 ἐνδεής
1962 1153 2036 1195 cum
2058 1132 2093 1194 vi
2116 1132 2257 1218 quadam

448 1235 659 1320 comparativi
684 1233 751 1318 (qui
773 1229 893 1315 legitur
915 1231 959 1295 IV
986 1236 1013 1310 1,
1037 1233 1070 1310 6)
1093 1233 1239 1319 usurpati
1262 1235 1321 1314 (ita
1343 1244 1379 1297 ut
1400 1234 1563 1318 significet
1584 1235 1741 1312 „inferior
1755 1234 1864 1318 aliis“)
1882 1235 2044 1321 exempla,
2060 1257 2257 1322 quamquam

447 1338 534 1424 apud
557 1335 811 1421 Xenophontem
833 1333 924 1398 nulla
944 1335 1166 1417 inveniuntur,
1191 1359 1234 1400 ex
1256 1336 1328 1400 aliis
1351 1346 1460 1400 tamen
1489 1335 1703 1424 scriptoribus
1732 1338 1904 1424 desumpta
1933 1358 1997 1402 non
2028 1337 2191 1422 desunt.⁸)
2218 1375 2255 1388 -

447 1443 520 1506 Non
543 1450 630 1504 recte
654 1438 849 1517 Cobetum⁴)
873 1437 973 1502 scribi
997 1439 1135 1524 jussisse
1156 1442 1296 1525 δεύτερος
1320 1439 1381 1502 hoc
1414 1437 1485 1502 loco
1513 1461 1573 1524 pro
1595 1443 1701 1527 ἐνδεής
1730 1451 1763 1504 et
1785 1439 1831 1502 lV
1868 1442 1902 1519 1,
1939 1441 1960 1504 6
1990 1462 2048 1526 pro
2070 1443 2259 1524 ἐνδεέστερος

445 1542 786 1623 Buechsenschuetz⁶)
810 1540 1055 1620 demonstravit,
1078 1543 1133 1628 qui
1157 1551 1286 1628 praeter
1305 1541 1535 1628 Kyropaediae
1554 1541 1669 1621 locum,
1693 1565 1789 1628 quem
1813 1541 1924 1607 attulit
1945 1542 1991 1626 (ΙΙ
2015 1544 2044 1621 2,
2068 1542 2258 1626 1)altarum

436 1639 594 1733 ¹ejusdem
617 1647 725 1730 operis
746 1643 880 1708 laudare
904 1645 1010 1728 potuit
1027 1643 1123 1724 111'3,
1146 1645 1204 1709 31:
1228 1651 1418 1732 καθορῶντες
1436 1649 1528 1732 ήμῶν
1545 1649 1580 1713 τό
1598 1655 1721 1733 πλῆθος
1739 1648 1817 1712 πολι]
1834 1649 2022 1734 ἐνδεέστερον
2040 1648 2063 1734 ἢ
2081 1649 2204 1715 ἑαυτῶν.
2216 1685 2257 1696 -

447 1752 570 1837 Majore
589 1752 665 1836 jure
684 1748 825 1813 editores
848 1750 1047 1813 recentiores
1070 1770 1181 1814 omnes
1204 1749 1348 1813 codicem
1372 1749 1404 1812 D
1433 1751 1537 1813 secuti
1568 1752 1644 1834 γένει
1674 1747 1804 1834 legunt,
1836 1773 1908 1814 cum
1937 1749 1966 1814 B
1995 1751 2154 1836 praebeat
2174 1752 2258 1836 γένος

448 1857 651 1940 Quamquam
675 1857 756 1918 enim
780 1851 833 1915 hic
856 1849 958 1916 codex
981 1851 1009 1914 B
1032 1853 1413 1940 pessimorumlomninm
1436 1852 1492 1938 qui
1514 1851 1672 1916 exhibent
1694 1851 1866 1917 Hellenica
1889 1854 2029 1938 optimus
2052 1861 2117 1933 est,
2147 1863 2258 1918 tamen

325 1997 327 2004 ,
447 1958 482 2021 in
505 1957 600 2042 hujus
623 1956 731 2040 operis
754 1954 868 2018 critica
890 1954 1068 2018 lectitanda
1090 1977 1131 2018 ne
1153 1953 1242 2018 illius
1274 1955 1404 2040 quidem
1432 1955 1617 2020 auctoritati
1645 1954 1783 2019 multum
1823 1965 1873 2019 est
1911 1941 2131 2023 tribuendum.
2181 1955 2257 2020 Jam

449 2083 522 2126 cum
546 2059 767 2145 accusativum
792 2079 887 2143 quem
912 2057 1050 2121 dicimus
1073 2056 1242 2122 relationis
1265 2079 1362 2143 saepe
1385 2068 1574 2144 usurpatum
1599 2079 1670 2122 esse
1685 2066 1811 2122 constet
1825 2058 1867 2123 ab
1881 2058 2032 2123 omnibus
2046 2059 2258 2144 scriptoribus

448 2164 619 2251 graecisfl),
643 2173 740 2249 atque
764 2183 838 2225 eum
861 2161 958 2226 etiam
982 2162 1069 2246 apud
1092 2161 1345 2246 Xenophontem
1367 2183 1463 2246 saepe
1485 2160 1625 2224 inveniri
1649 2181 1715 2224 non
1745 2183 1878 2226 necesse
1905 2163 1948 2226 sit
1976 2162 2118 2249 probare
2148 2185 2258 2226 exem-

447 2267 521 2354 plis,
545 2276 652 2330 tamen
676 2287 696 2328 a
724 2285 807 2328 vocc
834 2266 917 2350 γένος
948 2275 984 2328 ut
1012 2263 1054 2328 ab
1077 2262 1150 2328 aliis
1179 2263 1343 2330 nonnullis
1372 2263 1426 2326 hic
1451 2285 1528 2326 usus
1556 2262 1686 2327 videtur
1715 2261 1901 2330 abhorrere.
1953 2265 1990 2330 In
2030 2264 2258 2349 Xenophontis

449 2371 534 2435 enim
554 2368 704 2432 omnibus
722 2366 814 2432 libris
832 2367 956 2432 nullum
974 2367 1071 2452 hujus
1090 2369 1268 2432 accusativi
1286 2369 1399 2432 inveni
1417 2364 1613 2450 exemplum,
1632 2389 1705 2430 cum
1724 2369 1799 2454 γένει
1812 2359 1978 2454 ’προσήκων
1995 2375 2114 2452 βασιλεῖ
2131 2367 2259 2454 legatur

448 2473 512 2537 Αιι.
531 2471 547 2536 Ι
564 2473 595 2554 6,
616 2473 645 2550 1,
662 2472 930 2557 ἀνεπικλητότερον
947 2478 990 2560 ’τῷ
1008 2472 1083 2556 γένει
1103 2475 1151 2536 καὶ
1168 2479 1209 2561 τῇ
1226 2473 1321 2561 α’ριτῇ
1344 2470 1443 2554 Ages.
1471 2475 1499 2554 1,
1518 2469 1555 2550 53
1575 2480 1607 2535 et
1619 2491 1692 2535 cum
1704 2492 1801 2556 saepe
1811 2471 1925 2536 eadem
1939 2472 2007 2536 fere
2021 2470 2257 2556 significatione

448 2585 624 2662 usurpatae
647 2577 736 2638 vocis
755 2576 844 2660 φύσις
866 2573 1012 2636 dativum
1036 2573 1291 2656 inveniamns7),
1321 2574 1414 2658 cujus
1446 2575 1671 2638 acccusativus
1706 2573 1879 2642 relationis,
1905 2575 2003 2638 etiam
2033 2572 2121 2660 apud
2151 2578 2257 2638 Xeno·

448 2682 603 2769 phontem
626 2700 690 2742 non
715 2677 843 2762 legitur.

479 2805 486 2814 ·
604 2782 720 2846 Paucis
738 2779 793 2844 his
814 2777 895 2844 locis
917 2781 1064 2843 tractatis
1093 2779 1174 2843 nihil
1201 2781 1264 2843 nisi
1291 2782 1450 2845 rationem
1481 2779 1702 2844 demonstrare
1731 2778 1819 2843 volui
1859 2801 1922 2864 qua
1962 2781 2166 2865 potissimum
2196 2776 2258 2864 Cy-

448 2889 583 2972 prianus
605 2882 801 2970 hypothesin
824 2880 962 2968 probare
985 2881 1117 2958 studuit,
1141 2902 1207 2946 non
1235 2881 1398 2966 probavit.
1448 2883 1599 2946 Profecto
1628 2883 1728 2946 etiam
1757 2880 1812 2946 alii
1839 2880 1903 2946 loci
1940 2881 1982 2945 ab
2023 2904 2061 2947 eo
2101 2891 2198 2967 atque
2239 2905 2259 2944 a

449 2993 606 3058 Grossero
630 2987 753 3052 laudati
776 2997 861 3067 sunt,
885 2987 1004 3074 quibus
1026 3009 1142 3051 mance
1165 2996 1197 3051 et
1219 2986 1358 3050 obscura
1381 2995 1430 3050 est
1460 2987 1693 3048 sententiarum
1725 2986 1927 3069 conjunctio,
1967 2985 2085 3070 quibus
2120 2982 2258 3048 lacunae

447 3093 600 3158 videntur
622 3091 828 3156 statuendae:
853 3089 911 3154 sed
934 3111 974 3153 ne
997 3087 1118 3152 talibus
1141 3088 1273 3174 quidem
1296 3063 1459 3153 sententia
1480 3087 1536 3152 illa
1558 3087 1689 3174 probari
1718 3097 1833 3175 potest
1886 3087 2046 3153 Oblivisci
2077 3087 2162 3149 enim
2193 3108 2256 3150 non

448 3196 671 3276 debemus,1n
694 3196 811 3259 ceteris
835 3215 963 3279 qnoque
985 3193 1113 3278 seriptis
1136 3201 1272 3257 statutas
1296 3215 1364 3258 csse
1388 3192 1476 3256 hand
1497 3213 1617 3277 paucas
1640 3192 1782 3274 lacunas,
1806 3202 1834 3255 et
1857 3189 2101 3276 chcptorrtia⁸l
2124 3199 2157 3254 et
2175 3198 2259 3253 cete-

448 3321 556 3365 rorum
577 3299 715 3364 maniam
736 3299 933 3383 scriptorum.
979 3295 1052 3361 Tali
1075 3299 1104 3361 si
1126 3308 1318 3382 argumento
1342 3297 1535 3382 probaretur
1557 3317 1639 3381 opus
1661 3316 1727 3358 non
1749 3315 1859 3359 verum
1879 3315 1949 3358 esse
1970 3291 2077 3357 sedin
2092 3293 2258 3377 epitomen

448 3411 604 3484 coactum,
627 3398 752 3464 nullum
775 3400 843 3464 fere
866 3398 1058 3464 haberemus
1081 3421 1162 3487 opus
1179 3401 1421 3488 aperiamini)

601 3621 747 3686 Transeo
770 3644 858 3686 nunc
880 3623 922 3687 ad
945 3622 980 3685 id
1002 3630 1238 3707 argumentum,
1263 3622 1349 3710 quod
1372 3645 1415 3688 ex
1437 3621 1612 3696 Plutarcho
1634 3622 1770 3707 petitum
1794 3597 1859 3684 est:
1884 3641 1980 3704 quem
2005 3641 2078 3682 cum
2102 3587 2256 3682 Dittrich·

446 3723 618 3790 Fabricius
639 3723 727 3787 haud
748 3726 794 3787 ita
817 3723 953 3794 multum
977 3723 1087 3789 valere
1118 3723 1240 3788 dixerit
1268 3725 1311 3788 ad
1340 3727 1535 3789 sententiam
1565 3722 1784 3810 probandam,
1817 3721 2000 3808 Cyprianus
2029 3719 2103 3785 Tell
2133 3719 2257 3804 Campe

447 3828 584 3893 Grosser
606 3826 724 3890 summi
747 3829 901 3890 momenti
925 3849 995 3892 esse
1018 3829 1202 3913 putant.¹⁰)

607 4069 630 4132 ¹)
649 4066 698 4124 cir.
716 4065 816 4120 Aesch.
842 4065 933 4134 suppl.
957 4067 1007 4120 625
1033 4064 1276 4134 &redditionem
1296 4065 1428 4120 —Hune
1453 4083 1533 4121 nsum
1551 4068 1637 4120 attico
1656 4065 1778 4120 sermoni
1796 4081 1856 4118 asse
1874 4065 1958 4132 piane
1976 4068 2191 4120 consentaneum
2209 4065 2258 4118 do-

448 4157 513 4208 cent
530 4152 563 4209 H.
590 4153 701 4221 Sauppe
725 4151 761 4206 ad
785 4149 863 4208 Dem.
882 4152 910 4204 in
935 4151 1007 4205 Phil.
1026 4151 1040 4204 1
1060 4154 1107 4214 10,
1134 4149 1272 4204 Heindorf
1293 4149 1329 4204 ad
1348 4152 1417 4207 Plat.
1442 4151 1601 4221 Euthydem
1626 4153 1768 4204 29:283
1786 4150 1820 4219 b;
1845 4149 1946 4204 Mtiller
1970 4149 2006 4203 ad
2030 4151 2077 4207 Ar.
2104 4149 2172 4207 Aah.
2198 4153 2258 4216 319,

446 4238 626 4307 Bernhardy,
644 4238 747 4308 grieoh.
766 4241 873 4305 syntax.
890 4239 955 4304 419,
975 4235 1116 4305 Krusger,
1135 4235 1241 4304 griech.
1258 4253 1374 4306 gramm.
1393 4239 1442 4302 54,
1460 4241 1492 4304 4,
1511 4237 1542 4298 3,
1561 4237 1592 4304 2,
1615 4240 1656 4292 1.ε

605 4327 632 4391 ²)
649 4340 698 4394 pg.
719 4325 768 4379 88:
799 4322 832 4378 τὸ
857 4321 960 4392 γένος
984 4321 1136 4385 οὐδενὸς
1161 4320 1287 4392 ἐνδεὴς
1318 4322 1388 4378 εἶναι
1410 4323 1482 4378 πολὺ
1507 4322 1672 4392 nendicans.
1695 4323 1761 4386 ἴσως
1785 4321 1870 4378 ἔκειτο
1894 4321 1972 4392 παρὰ
1998 4324 2156 4392 Ξενοφῶντι
2184 4323 2257 4380 οὕτω

446 4411 564 4478 mm
581 4409 701 4560 §gviii
714 4493 842 4564 Krnsger
859 4491 895 4547 ad
913 4492 999 4549 Thuk.
1017 4493 1032 4546 1
1050 4497 1099 4558 70,
1117 4495 1142 4546 2.
1161 4525 1193 4534 -
1213 4493 1308 4562 steph.
1328 4490 1398 4550 thes.
1418 4510 1439 4548 s.
1458 4511 1483 4550 v.
1592 4513 1595 4518 ·

603 4581 629 4648 ι)
647 4597 710 4634 nov.
728 4580 806 4633 lectt
825 4577 1110 4647 878=Mnemosyne
1133 4579 1171 4634 VI
1189 4581 1249 4634 279.

605 4667 629 4731 ⁸)
648 4664 747 4719 Philet
765 4663 864 4720 XVIII
882 4667 940 4719 291.

604 4750 627 4820 ⁶)
645 4747 697 4804 cir.
714 4747 857 4820 Krueger,
876 4767 991 4820 gramm.
1009 4751 1058 4814 46,
1077 4753 1101 4805 4.
1121 4779 1152 4791 -
1172 4747 1319 4819 Knelmer,
1338 4750 1362 4822 ξ,
1381 4753 1441 4816 410,
1461 4752 1638 4821 15=11pg.
1657 4753 1717 4806 272.

605 4834 720 4902 ⁷)Heil.
745 4835 772 4889 11
790 4837 821 4902 3,
840 4837 886 4905 30,
904 4835 1050 4904 Kyr.18,
1068 4838 1099 4904 2,
1119 4835 1203 4890 Mem.
1220 4835 1261 4890 1v
1281 4840 1310 4904 l,
1328 4837 1360 4902 3,
1379 4836 1444 4891 Oec.
1464 4841 1510 4904 11,
1529 4839 1559 4904 5,
1578 4839 1628 4904 20,
1646 4839 1680 4891 23
1697 4853 1738 4906 sq.
1757 4835 1882 4906 Sympos.
1901 4838 1931 4903 8,
1949 4837 1998 4903 41,
2018 4835 2117 4906 Kyneg
2136 4840 2186 4904 12,
2206 4839 2256 4908 13,

447 4939 479 4977 re
497 4937 541 4990 eq.
559 4923 590 4988 3,
609 4923 634 4975 9.

606 5006 632 5074 ⁸)
649 5005 754 5060 Videas
778 5005 857 5062 verbi
875 5023 958 5061 causa
982 5011 1051 5076 quot
1076 5011 1105 5062 et
1124 5025 1192 5078 quas
1210 5007 1323 5064 lacunas
1340 5009 1371 5062 in
1390 5007 1509 5063 Anabasi
1526 5007 1715 5064 detexeritc.
1732 5007 1766 5068 G.
1783 5005 1912 5076 Krueger
1929 5007 1958 5062 in
1975 5007 2071 5062 libello
2088 5007 2201 5062 laudato
2219 5007 2257 5062 da

447 5091 525 5147 auth.
542 5097 572 5147 et
588 5093 691 5162 integr.
708 5091 880 5146 Anabaseos.

601 5177 630 5245 ο)
649 5176 700 5232 cir.
720 5177 806 5232 Cobet
822 5193 880 5230 var.
897 5177 962 5235 lect,
981 5193 1004 5235 c.
1023 5177 1240 5234 V=Mnemoa
1258 5179 1301 5236 VI
1318 5184 1350 5236 41
1370 5197 1412 5248 sq.
1432 5209 1464 5220 -
1482 5179 1561 5236 Aem.
1579 5177 1719 5233 Millerl.
1737 5179 1755 5235 l.

607 5263 648 5330 ¹⁰)
667 5261 713 5320 Gr.
732 5265 779 5330 33,
798 5265 864 5330 724,
882 5277 978 5331 progr
997 5265 1046 5332 13,
1066 5265 1242 5334 campell.
1261 5269 1285 5321 8.
