4820 6094
1070 559 1107 624 11

191 783 261 835 rate
283 766 448 834 namanda
471 774 630 852 putarent.
676 763 820 843 Talibus,
845 764 885 830 de
908 768 1026 852 quibus
1047 777 1159 835 nostra
1180 747 1309 852 semper
1331 787 1374 830 ex
1395 765 1557 830 sententia
1585 764 1825 845 existimamus,
1854 764 1993 850 probare

191 894 367 958 numquam
389 891 560 957 possumus
582 868 715 934 lacunas
744 889 815 934 esse
829 869 1031 935 ‘statuendas
1064 893 1171 956 neque
1203 872 1236 936 in
1269 867 1486 954 Xenophonte
1517 889 1622 954 neque
1662 869 1696 932 in
1737 869 1802 931 alio
1842 869 1993 954 quopiam

190 978 358 1062 scriptore.
1299 1025 1314 1042 .
1866 957 1872 974 Ι

346 1075 443 1158 Quod
465 1098 543 1141 vero
567 1097 609 1140 ex
631 1075 783 1162 Dionysii
806 1075 913 1141 Halic.
936 1076 1008 1142 loco
1022 1077 1152 1142 laudato
1176 1077 1316 1162 denique
1340 1074 1540 1160 collegerunt
1558 1073 1742 1160 Cyprianus
1765 1085 1796 1138 et
1814 1075 1994 1154 Crosser1),
2016 1153 2021 1170 .

191 1203 265 1247 eum
287 1183 452 1245 invenisse
477 1181 510 1244 in
533 1179 666 1243 historia
687 1200 807 1263 graecu
827 1181 926 1266 ἀρχάς
948 1182 1206 1267 πρεπωδεστάτας,
1237 1187 1269 1242 et
1299 1177 1385 1265 quod
1414 1178 1491 1243 inde
1520 1186 1708 1259 statuerunt,
1750 1177 1836 1243 hunc
1874 1176 1993 1242 librum

191 1307 257 1350 non
279 1306 343 1349 uno
366 1293 478 1348 tenore
492 1282 591 1346 fuisse
609 1281 775 1366 scriptum,
793 1281 851 1347 sed
871 1305 930 1369 per
947 1284 1010 1349 tria
1031 1295 1187 1370 tempora,
1206 1293 1242 1346 ut
1259 1293 1325 1348 tres
1344 1293 1452 1347 essent
1470 1293 1588 1366 partes,
1607 1293 1683 1367 apto
1702 1280 1836 1346 exordio
1854 1290 1995 1367 optoque

190 1389 256 1454 fine
279 1409 427 1474 quaeque
449 1388 615 1464 instructa,
640 1405 712 1448 cum
735 1407 821 1449 nuno
853 1409 895 1450 ne
924 1409 1023 1452 unum
1053 1387 1182 1474 quidem
1215 1385 1359 1451 exitaret
1389 1397 1499 1472 aptum
1540 1384 1725 1464 exordium,
1765 1384 1800 1448 id
1839 1393 1994 1470 quantum

189 1491 299 1557 valeat
321 1493 456 1577 quisque
479 1488 578 1553 videt.
624 1488 704 1552 Nam
729 1490 869 1573 primum
891 1489 988 1575 plane
1013 1513 1077 1555 non
1100 1490 1273 1577 probatum
1292 1500 1350 1572 est,
1366 1489 1561 1576 Dionysium
1581 1487 1805 1573 Xenophontis
1828 1488 1993 1551 historiam

189 1617 342 1682 graecam
364 1595 469 1679 ipsam
491 1602 566 1657 ante
590 1590 700 1656 oculos
722 1592 920 1674 habuisse²t,
944 1594 1098 1659 videntur
1119 1597 1227 1682 potius
1257 1595 1298 1658 ds
1328 1594 1400 1658 aliis
1429 1593 1500 1679 ejus
1530 1591 1682 1678 operibus
1711 1590 1768 1655 illa
1797 1591 1884 1656 dicta
1913 1611 1992 1666 esse,

191 1697 311 1764 deinde
335 1697 461 1762 etiamsi
484 1694 526 1760 ad
548 1694 618 1760 hist.
643 1719 689 1780 gr.
713 1694 770 1759 illa
793 1695 895 1760 verba
917 1697 1117 1782 potissimum
1141 1699 1351 1784 pertinerent,
1385 1696 1468 1762 nihil
1496 1706 1603 1761 tamen
1634 1695 1796 1773 valerent,
1827 1715 1899 1757 cum
1929 1713 1993 1756 non

190 1801 233 1867 ds
256 1822 390 1887 operum
413 1810 468 1864 aut
490 1798 647 1864 librorum
670 1799 814 1863 exordiis
837 1799 1050 1883 intelligenda
1072 1803 1145 1880 sint,
1168 1802 1225 1865 sed
1248 1799 1290 1864 de
1312 1801 1403 1866 rebus
1425 1824 1445 1865 a
1467 1802 1583 1887 quibus
1606 1800 1734 1863 initium
1757 1797 1929 1884 capitur.³)

346 1903 424 1969 Alia
445 1911 637 1989 argumenta
658 1905 815 1989 ἔξωΐερικοί
838 1901 1022 1989 Cyprianus
1051 1914 1084 1968 'et
1107 1903 1244 1970 Grosser
1267 1927 1310 1970 ex
1331 1904 1477 1968 Anabasi
1501 1903 1645 1989 ejusdem
1669 1902 1894 1988 Xenophontis
1918 1899 1994 1964 hau·

190 2007 323 2085 riunt.⁴)
366 1993 511 2070 Primum
534 2008 618 2070 enim
643 2005 752 2070 multis
776 2008 845 2093 ejus
867 2004 944 2070 libri
966 2005 1045 2071 locis
1077 2009 1128 2072 ita
1153 2009 1258 2094 egisse
1289 2008 1403 2096 dicunt
1434 1997 1640 2093 scriptorem,
1680 2015 1717 2069 ut
1756 2027 1807 2069 res
1847 2013 1996 2090 tangeret

190 2121 327 2194 tantum,
351 2111 442 2196 quasi
465 2109 545 2174 alibi
567 2112 750 2174 accuratius
773 2111 941 2195 expositae
965 2121 1082 2175 essent.
1128 2111 1228 2196 Cujus
1251 2113 1299 2176 rei
1328 2111 1389 2176 hoo
1418 2111 1550 2176 affertur
1579 2109 1779 2194 exemplum:
1817 2108 1854 2172 In
1888 2107 1992 2192 primo

191 2213 383 2280 Anabaseos
401 2211 493 2292 libro,
516 2212 574 2278 ubi
597 2215 705 2297 copias
736 2212 820 2299 Cyri
844 2225 1012 2278 enumerat
1039 2215 1233 2300 Xenophon,
1264 2237 1368 2300 neque
1409 2239 1429 2278 a
1464 2213 1551 2300 Cyro
1591 2213 1842 2276 Lacedaemona
1880 2213 1993 2274 missos

190 2319 345 2397 nominat,
369 2317 424 2402 qui
446 2313 603 2379 auxilium
625 2325 783 2401 peterent,
806 2339 912 2402 neque
935 2319 1057 2382 auxilia
1080 2341 1100 2382 a
1121 2316 1389 2382 Lacedaemoniis
1414 2317 1499 2402 Cyro
1523 2319 1629 2396 missa,
1653 2315 1686 2380 id
1709 2314 1796 2400 quod
1825 2311 1994 2397 παράδοξον

191 2421 354 2506 Cypriane
377 2418 517 2501 videtur,
540 2442 612 2484 cum
636 2419 741 2506 Cyrus
765 2421 1094 2488 Lacedaemoniorum
1118 2423 1241 2486 auxilia
1263 2422 1394 2507 plurimi
1416 2421 1528 2484 fecerit
1550 2431 1583 2483 et
1604 2419 1645 2483 ab
1670 2421 1717 2483 eis
1745 2417 1787 2482 ad
1810 2417 1928 2482 bellum
1954 2418 1995 2480 sit

189 2526 363 2610 instigatus
385 2533 517 2586 auctore
539 2523 728 2606 Isocrato⁵).
773 2523 895 2588 Contra
917 2525 1158 2610 Kruegerurnl)
1181 2537 1213 2590 et
1244 2526 1478 2607 Sieversium')
1506 2522 1591 2588 hanc
1620 2545 1689 2587 rem
1719 2525 1765 2586 ita
1794 2521 1993 2607 explicantes

189 2645 225 2694 ut
249 2629 405 2706 dicerent,
429 2627 606 2690 Anabasim
631 2649 669 2690 eo
692 2639 837 2713 tempore
860 2630 1107 2714 scriptam·esse
1129 2651 1214 2716 „quo
1236 2629 1567 2694 Lacedaemoniorum
1591 2629 1762 2691 interesset
1784 2649 1895 2713 regem
1917 2625 2018 2690 Per·'

188 2755 299 2797 sarum
321 2733 461 2795 amicum
484 2730 636 2808 habere,“
659 2729 836 2796 laconismo
859 2734 959 2817 igitur
981 2733 1206 2818 Xenophontis
1236 2733 1443 2797 tribuendum
1473 2753 1560 2809 esse,
1591 2731 1677 2816 quod
1706 2729 1862 2795 auxilium
1893 2731 1992 2794 Lace·

189 2837 437 2901 daemoniorum
458 2856 523 2898 non
536 2819 621 2898 ¹latis
641 2839 949 2913 comniemoraret⁸)‚
973 2839 1114 2923 quinque
1137 2837 1259 2923 profert
1281 2843 1481 2920 argumenta,
1504 2834 1620 2920 quibus
1643 2842 1750 2898 tamen
1765 2837 1882 2919 partim
1895 2833 1991 2920 plana

187 2941 340 3003 inanibus
362 2939 483 3024 partim
505 2937 651 3004 ridiculis
674 2937 754 3002 nihil
776 2940 907 3025 probari
931 2939 1066 3023 affirmo,
1097 2963 1168 3005 cum
1199 2940 1328 3024 singula
1357 2961 1508 3002 enarrare
1540 2937 1670 3022 longum
1701 2941 1750 3003 sit.
1788 2977 1824 2988 -
1857 2938 1992 3003 Talibus

189 3047 278 3108 enim
303 3040 549 3106 difficultatibus
572 3044 668 3105 etiam
691 3053 779 3108 recte
802 3044 937 3109 detectis
956 3045 1187 3111 Hellenicorum
1209 3046 1313 3108 forma
1335 3046 1369 3108 in
1391 3041 1525 3107 dubium
1549 3045 1658 3107 vocari
1681 3063 1811 3128 prorsus
1835 3045 1991 3128 nequiret,

189 3171 263 3212 curn
287 3147 322 3210 in
345 3149 392 3211 eis
415 3146 455 3210 de
478 3146 540 3209 hoo
562 3145 685 3210 auxilio
708 3149 787 3210 satis
809 3150 851 3212 sit
873 3148 993 3213 dictum
1017 3149 1065 3212 IlI
1091 3151 1118 3229 l,
1152 3153 1178 3227 l,
1209 3148 1392 3213 efficeretur
1425 3149 1530 3233 potius
1564 3157 1600 3210 ut
1640 3145 1680 3209 de
1722 3145 1901 3214 Anobusecs
1940 3147 1993 3212 vel

187 3250 360 3315 authentia
388 3249 440 3312 vel
474 3250 659 3334 integritate
692 3250 928 3334 dubitaremus,
973 3254 1006 3316 in
1047 3273 1111 3337 qua
1139 3261 1246 3314 tamen
1265 3253 1379 3336 copiae
1410 3251 1741 3314 Lacedaemoniorum
1765 3248 1852 3336 Cyro
1874 3253 1992 3318 missae
2091 3287 2095 3295 ·

188 3363 485 3419 commemorantur
507 3351 634 3415 duobus
657 3351 751 3416 locis:
775 3354 789 3416 Ι
811 3357 843 3436 2,
866 3344 933 3436 21)Ι
946 3357 976 3432 4,
1001 3357 1020 3421 2
1043 3355 1148 3440 sqq.⁹)

350 3455 479 3520 Deinde
503 3455 686 3542 Cyprianus
710 3467 743 3520 et
765 3457 955 3536 Grosser¹⁰)
987 3457 1089 3522 locum
1113 3458 1316 3521 tritissimum
1347 3455 1436 3520 illum
1460 3456 1609 3534 laudant,
1634 3458 1688 3543 qui
1711 3455 1830 3542 legitur
1870 3459 1932 3522 An.
1962 3457 1994 3522 ΙΙ

187 3562 219 3640 6,
245 3563 284 3626 4:
308 3563 420 3638 ὁποίοις
442 3561 538 3646 λόγοις
561 3557 742 3646 [Κλέαρχος]
766 3561 860 3628 ἔπεισε
885 3569 988 3643 Κῦρον
1016 3565 1097 3654 ἄλλῃ
1124 3563 1294 3648 γέγραπται.
1343 3559 1513 3624 Editorum
1538 3561 1713 3638 rationem,
1739 3562 1794 3646 qui
1825 3571 1992 3645 annotant,

185 3667 370 3730 memoriae
393 3665 471 3728 vitio
496 3663 745 3749 Xenophontem
768 3664 814 3728 ita
836 3665 1014 3750 scripsisse,
1041 3664 1120 3729 nihil
1150 3664 1260 3729 valere
1291 3665 1402 3728 dicens
1430 3664 1487 3728 Gr.
1518 3663 1614 3739 aliam
1645 3667 1811 3750 proponit:
1854 3665 1934 3730 haec
1974 3687 1993 3728 a

185 3768 410 3854 Xenophonte
432 3770 465 3831 in
488 3766 672 3832 Helleniois
690 3767 827 3831 tractata
850 3791 935 3832 nunc
957 3770 1075 3832 omissa
1098 3790 1168 3833 esse
1193 3769 1412 3854 epitomatoris
1436 3765 1546 3854 culpa:
1571 3748 1653 3853 duae
1668 3777 1776 3832 tamen
1791 3770 1873 3834 ratio
1891 3767 1992 3834 multo

183 3873 325 3938 minoris
348 3882 397 3936 est
418 3870 629 3938 aestimanda.
674 3869 770 3933 Unde
793 3873 877 3936 enim
902 3873 1029 3950 scimus,
1054 3873 1086 3935 in
1113 3871 1244 3936 historia
1273 3893 1391 3956 graeca
1420 3893 1500 3935 vera
1529 3870 1678 3936 Clearchi
1709 3893 1782 3935 cum
1813 3869 1900 3956 Cyro
1930 3870 1993 3935 col-

354 4131 375 4194 ι)
395 4129 477 4198 Cypr.
494 4146 556 4198 pag.
575 4133 617 4196 2³3
640 4159 666 4168 -
689 4125 806 4180 Grosser
822 4131 865 4190 95,
884 4131 941 4181 742.

353 4219 377 4283 2)
397 4217 445 4270 cir.
464 4215 514 4270 Od.
534 4214 707 4269 Schambach
726 4215 744 4267 l.
761 4213 780 4266 l.
800 4219 831 4267 15
849 4233 898 4283 sq„
917 4214 964 4284 qui
982 4215 1042 4266 aliis
1062 4216 1233 4282 argumentis
1252 4215 1354 4284 probat
1370 4213 1445 4268 hunc
1471 4214 1572 4267 librum
1600 4213 1794 4283 Xenophontis
1820 4231 1837 4266 a
1859 4213 1993 4282 Dionysio

179 4321 247 4358 non
269 4305 426 4372 inspectum
443 4318 511 4356 esse.

253 4427 256 4442 .
352 4392 377 4455 ³)
396 4389 445 4442 cir.
462 4387 569 4442 Haenel
586 4388 605 4441 l.
623 4390 640 4442 1.

354 4479 378 4534 ⁴)
398 4475 479 4544 Cypr.
498 4481 531 4527 26
550 4491 623 4543 sqq.;
638 4474 686 4528 Gr.
705 4481 746 4542 93,
765 4479 824 4528 iul.

356 4566 380 4628 ὁ)
403 4562 512 4616 Laudat
531 4561 614 4631 Cypr.
633 4561 702 4614 duos
719 4562 797 4615 locos
815 4563 901 4616 Isocr.
918 4561 972 4616 XII
991 4565 1055 4626 ¹043
1074 4561 1142 4615 vm
1160 4566 1207 4624 98;
1233 4559 1282 4614 sed
1300 4559 1454 4628 posteriore
1478 4559 1539 4613 loco
1563 4557 1633 4611 nihil
1657 4555 1760 4627 legitur
1782 4559 1837 4612 nisi
1860 4557 1928 4614 hoc:
1959 4560 1994 4626 [ol

181 4649 416 4732 [ζακεδαιμόπιοι]
437 4646 482 4703 ἐπὶ
500 4648 548 4705 τὸν
567 4647 679 4720 βασιλέα
698 4647 838 4718 Κλέαρχον
855 4649 901 4704 καὶ
920 4647 1051 4718 στρατιὰν
1068 4645 1237 4716 ἀνέπεμψαν,
1256 4661 1328 4713 quae
1345 4663 1381 4698 ne
1399 4661 1466 4699 vera
1482 4643 1594 4714 quidem
1612 4649 1692 4710 sunt,
1715 4645 1810 4712 priore
1834 4645 1903 4698 dicit
1930 4661 1994 4714 pro-

179 4736 272 4788 fecto
289 4736 382 4802 lsocr,
400 4734 636 4790 Lacedaemonios
651 4738 810 4804 personne
828 4735 899 4803 Cyro
918 4739 949 4788 ut
966 4749 1083 4803 regnum
1101 4735 1263 4800 appeteret,
1291 4731 1339 4784 sed
1357 4737 1462 4800 quanta
1487 4730 1589 4784 talibus
1617 4731 1646 4782 in
1671 4731 1754 4784 rebus
1779 4731 1817 4786 sit
1842 4731 1911 4785 fides
1937 4730 1994 4785 Iso·

182 4823 290 4891 cratis,
309 4839 403 4876 omnes
422 4819 496 4875 haud
514 4823 682 4890 ignoramus.
1445 4881 1448 4888 ,

356 4909 380 4975 ⁶)
400 4908 453 4974 „ds
471 4906 615 4961 authentia
634 4915 663 4962 et
679 4909 842 4977 integritate
860 4909 1023 4962 Anabnseos
1041 4907 1278 4975 Xenophonteae“
1295 4921 1358 4974 pag.
1377 4909 1393 4957 4
1410 4905 1467 4955 not.
1488 4907 1527 4956 12.

352 4995 377 5058 7)
396 4991 580 5058 „Geschichte
599 4993 833 5048 Griechenlands⁴‘
850 5011 912 5064 pag.
927 4999 968 5047 tt.

354 5080 379 5145 ο)
399 5093 469 5144 qnae
488 5097 540 5147 ego
558 5097 665 5149 qnoque
684 5085 760 5133 recta
779 5096 835 5132 non
854 5086 922 5148 puto
940 5073 1003 5132 cuin
1021 5076 1090 5130 mihi
1108 5079 1225 5146 probata
1243 5079 1281 5130 sit
1298 5072 1568 5130 sententiaNitschii
1586 5079 1619 5128 28
1637 5093 1705 5144 sqq,
1712 5083 1771 5141 post
1779 5089 1876 5142 pacem
1884 5071 1995 5127 demum

186 5165 387 5220 Antalcirleam
407 5162 496 5214 libros
515 5165 528 5215 1
547 5171 576 5218 et
593 5167 618 5218 ll
638 5167 780 5219 confectos
799 5183 867 5220 esse.

349 5250 373 5314 ⁹)
389 5245 438 5297 cfr.
457 5247 568 5302 Hasnel
587 5257 633 5315 163
651 5251 684 5306 A.
702 5251 813 5318 Muller,
831 5253 849 5304 l.
867 5251 884 5306 l.
903 5257 944 5304 92.

350 5332 389 5391 ¹⁰)
410 5329 432 5364 Γ
536 5339 544 5341 “
590 5337 603 5342 ”
651 5344 690 5382 “2-
710 5341 774 5401 ⁷2⁷3
792 5336 840 5392 cfr.
858 5355 952 5408 progr.
972 5343 1013 5389 1³.
