4820 6094
1206 521 1212 534 '
1274 517 1429 619 ,ἑὲ-

445 722 696 810 conglutinasse,
719 725 772 788 cni
795 723 946 810 exemplo
968 722 1147 789 secundum
1170 722 1302 790 additur
1322 726 1351 809 i·
1375 725 1434 793 23:
1457 723 1549 809 cujus
1563 723 1666 789 verba
1679 745 1751 788 curn
1769 722 1907 788 redeant
1928 723 2017 810 apud
2030 723 2256 790 Plutarchum:

443 829 622 911 ἀνίσχοντος
643 829 735 914 η’λίοο
755 865 799 876 -
821 829 874 895 oda
895 827 1080 914 ἀντανήγετο
1110 824 1244 892 alterius
1265 826 1483 914 deprehendit
1500 825 1640 891 Buecbs.
1663 825 1762 892 fontis
1784 829 1959 912 vestigium
1983 827 2016 892 in
2040 827 2167 892 verbis:
2197 838 2256 897 τῶν

404 917 408 922 ’
442 924 626 1017 Ἀθηναίων
647 932 829 1017 μετωπηδόν
850 931 979 1011 ἀπιίοαις
1007 931 1208 998 ἐπιπλεόντων
1235 937 1285 997 καί
1310 931 1560 1019 προκαλουμένων
1590 929 1686 995 dictis
1718 951 1793 1016 pro:
1821 932 1850 998 οἷ
1869 933 2030 1018 Ἀθηνοίοι
2053 932 2256 1019 παρεταᾝαντο

443 1037 477 1100 ἓν
498 1035 644 1125 μεταίπρι,
666 1039 707 1114 ἀς
728 1037 769 1113 είς
791 1036 973 1119 ναυμαχίαν.
1023 1032 1175 1098 Profecto
1204 1034 1287 1099 haec
1308 1032 1411 1100 verba
1441 1055 1484 1100 ex
1506 1032 1726 1119 Xenophonte
1747 1055 1813 1099 non
1836 1041 1913 1100 sunt
1927 1023 2066 1122 'sumpta
2088 1057 2162 1100 cum
2184 1058 2256 1101 con·

444 1145 565 1222 gruunt
587 1159 660 1202 cum
680 1136 780 1201 Diod.
803 1136 887 1200 XIII
912 1137 989 1202 105:
1020 1139 1208 1218 ἔπιπλέοντες
1231 1139 1271 1219 [οῖ
1290 1138 1466 1226 Ἀθηναῖοι]
1494 1141 1536 1217 είς
1564 1139 1740 1222 ναυμαχίαν
1761 1130 1988 1222 προεναίοῦντο.
2037 1137 2106 1204 Sed
2128 1138 2256 1225 singula

443 1237 604 1305 vocabola
625 1263 669 1304 ex
691 1239 830 1305 diversis
852 1238 996 1304 fontibus
1019 1250 1174 1328 congesta
1196 1251 1293 1329 atque
1315 1242 1350 1306 in
1368 1264 1471 1306 unum
1488 1242 1692 1307 enuntiatum
1711 1237 1936 1328 conglutinata
1955 1263 2026 1307 esse
2044 1264 2065 1306 a
2081 1242 2254 1308 Plutarcho

444 1364 508 1408 non
537 1365 708 1432 possumus
737 1351 896 1424 statuere,
931 1353 1028 1431 atque
1055 1353 1123 1409 tota
1152 1346 1234 1414 haec
1264 1347 1407 1446 narratio
1438 1355 1504 1409 tam
1534 1344 1619 1410 bene
1641 1343 1762 1428 fluens,
1793 1345 1887 1430 cujus
1917 1366 2030 1410 omnes
2060 1355 2170 1432 partes
2191 1354 2256 1410 tarn

443 1445 529 1511 bene
558 1447 753 1532 conjunctae
781 1456 872 1530 sunt,
909 1466 975 1511 non
1003 1446 1135 1513 videtur
1165 1447 1341 1514 tribuenda
1369 1470 1441 1514 esse
1471 1447 1647 1514 Plutarcho
1679 1447 1884 1534 compilatcri
1914 1447 1975 1514 sed
2004 1470 2103 1513 unum
2132 1449 2255 1514 sontem

400 1579 406 1589 ·
444 1549 654 1615 exscribenth
993 1607 998 1616 .

598 1653 671 1718 Non
700 1652 785 1739 fugit
805 1651 1178 1718 Buechsenschuetsium
1208 1641 1418 1719 Plutarchum
1448 1645 1682 1718 accuratiorem
1712 1675 1784 1720 esse
1812 1677 1908 1741 quam
1931 1655 2116 1720 Diodorum
2144 1656 2180 1720 in
2209 1657 2255 1720 eis

443 1758 562 1844 quibus
597 1766 710 1822 narrat
731 1755 950 1821 Athenienses
986 1755 1029 1820 ad
1059 1777 1202 1843 pugnam
1234 1757 1408 1842 aliquoties
1437 1756 1644 1843 Lysandrum
1673 1779 1870 1844 provocasse
1899 1779 2005 1844 neque
2034 1768 2144 1824 minen
2173 1779 2256 1824 com·

442 1861 577 1926 missum
600 1883 672 1926 esse
694 1859 872 1945 proelium3
895 1857 981 1923 Plut.
1005 1861 1093 1924 enim
1116 1859 1195 1946 quid
1217 1857 1355 1946 singulis
1378 1859 1494 1925 diebus
1516 1861 1636 1925 factum
1658 1861 1701 1925 sit
1717 1871 1838 1947 narrat,
1861 1861 2028 1926 Diodorus
2046 1862 2089 1926 de
2107 1861 2256 1926 omnibus

444 1962 560 2028 diebus
589 1963 625 2026 in
653 1963 842 2026 universum
871 1960 1022 2048 loquitur.
1068 1961 1134 2027 Sed
1165 1963 1262 2026 etiam
1292 1963 1326 2026 in
1356 1963 1455 2049 huju's
1483 1962 1571 2029 fonte
1594 1973 1747 2030 accurate
1771 1964 1812 2029 de
1834 1965 1970 2048 singolis
1993 1951 2110 2030 diebus
2133 1965 2255 2030 dictum

441 2065 542 2132 luisse
565 2065 691 2152 colligit
711 2065 750 2130 B.
780 2088 823 2131 ex
851 2065 945 2129 initio
975 2065 1092 2150 capitis
1117 2063 1195 2144 106,
1224 2065 1282 2131 ubi
1304 2065 1408 2130 verba
1429 2069 1547 2155 ἐκείνην
1568 2069 1629 2154 τήν
1650 2069 1770 2156 ἡμέραν
1791 2069 1960 2132 nonsatis
1983 2076 2077 2133 cauta
2100 2077 2255 2155 usurpata

442 2172 567 2238 essaei
590 2169 753 2234 videntur.
798 2168 845 2233 At
865 2167 989 2232 habent
1020 2165 1078 2231 illa
1100 2166 1202 2232 verba
1225 2167 1349 2233 bonum
1372 2191 1503 2234 sensum
1527 2171 1655 2234 etiamsi
1677 2191 1743 2234 non
1765 2169 1923 2235 sumimus
1944 2170 1981 2233 in
2004 2169 2144 2234 Diodori
2166 2171 2269 2234 fonte·

443 2275 484 2340 de
514 2272 653 2361 singulis
682 2271 799 2336 diebus
829 2269 1019 2357 singillatim
1046 2271 1146 2336 fuisse
1176 2282 1357 2338 narratum:
1394 2273 1478 2338 Nam
1514 2294 1587 2338 cum
1625 2274 1660 2337 in
1689 2274 1736 2338 eie
1766 2295 1850 2359 quae
1881 2273 2080 2338 antecedunt
2107 2282 2255 2338 narraret

442 2377 541 2444 Diod.
564 2375 760 2463 colloquium
783 2372 967 2439 Alcibiadis
990 2395 1064 2438 cum
1085 2373 1335 2442 Atheniensium
1359 2376 1498 2442 ducibus
1505 2426 1515 2461 ‚
1544 2380 1643 2464 ἐκείνη
1666 2381 1690 2463 η’
1710 2379 1814 2465 η’μίρα
1835 2376 1923 2441 idem
1946 2375 2003 2442 ille
2026 2385 2076 2442 est
2098 2376 2169 2441 dies
2191 2398 2255 2463 quo

443 2481 639 2566 colloquium
663 2487 712 2544 est
734 2476 890 2543 habitum.
935 2477 1067 2541 Deinde
1095 2479 1209 2544 verba
1219 2479 1359 2545 Diodori
1383 2502 1410 2545 c.
1437 2480 1513 2557 105,
1543 2501 1628 2566 quae
1649 2501 1738 2544 nunc
1761 2501 1835 2545 cum
1856 2478 2033 2545 Plutarcho
2056 2482 2253 2566 comparavi,

443 2584 633 2651 exscribens
650 2583 689 2646 B.
709 2582 774 2647 duo
797 2581 905 2645 omisit
924 2578 1097 2645 vocabula:
1116 2581 1186 2648 καθ’
1207 2583 1346 2668 ἡμέραν,
1368 2603 1453 2668 quae
1471 2582 1647 2647 ostendunt
1664 2583 1699 2646 in
1718 2581 1858 2646 Diodori
1871 2581 1943 2666 jam
1962 2581 2051 2646 fonte
2069 2583 2254 2648 summatim

441 2689 501 2754 has
530 2711 583 2754 res
612 2686 713 2752 fuisse
742 2684 934 2767 narratas1).
958 2721 1002 2732 —
1032 2682 1148 2748 Aliud'
1162 2705 1242 2748 vero
1269 2686 1445 2771 vestigium
1475 2681 1617 2750 duorum
1642 2685 1779 2750 fontium
1801 2682 1969 2749 Plutarchi
2003 2686 2168 2750 invenisse
2189 2685 2255 2750 sibi

441 2798 531 2862 visus
548 2795 587 2858 B.
610 2795 644 2858 in
667 2814 706 2858 eo
719 2789 807 2877 quod
820 2787 871 2853 bis
894 2787 1009 2852 eadem
1030 2795 1161 2851 narrata
1182 2789 1247 2852 sint
1268 2787 1355 2874 apud
1378 2811 1452 2854 eum
1474 2810 1591 2856 vereor
1612 2810 1654 2852 ne
1677 2789 1811 2873 egregie
1832 2787 1932 2852 falsus
1954 2789 2006 2853 sit.
2051 2787 2144 2868 Quae
2166 2792 2254 2854 enim

441 2899 527 2963 Plut.
546 2897 642 2962 dicit:
660 2900 678 2962 ό
696 2891 877 2979 Λύσανδρος
895 2891 1075 2978 προσέταττε
1094 2893 1215 2971 ναύταις
1229 2927 1273 2940 --
1285 2897 1352 2980 περὶ
1369 2893 1483 2980 ὄρθρον
1500 2895 1654 2977 ἐμβαίνειν
1671 2895 1713 2971 εἷς
1730 2894 1784 2971 scir
1801 2893 1932 2979 τριήρεις
1949 2894 2000 2958 καὶ
2017 2894 2254 2974 καθέζεσθαι-

442 3003 625 3087 ἀεχομίνονς
647 2999 682 3065 td
702 2991 993 3082 παραγγελλόμενον,
1014 3001 1048 3057 et
1069 2991 1190 3057 deinde
1205 2993 1409 3085 ἀντιπρῴρους
1427 2997 1509 3080 ἔχων
1532 2998 1586 3075 τάς
1608 2996 1680 3074 ναῦς
1701 2995 1796 3081 καίῖ)
1826 2996 2063 3082 πεπληρωμένας
2081 2997 2125 3062 ἔτι
2150 2997 2254 3076 νοκτάς

442 3111 495 3176 οὐκ
533 3103 680 3189 ἀνήγετο,
719 3102 846 3183 πέμπων
874 3100 909 3165 δὲ
940 3134 983 3145 -
1010 3132 1054 3144 -
1075 3099 1219 3182 ἀτρεμεῖν
1240 3099 1355 3165 ἐκέλευε
1378 3107 1459 3177 κτλ.,
1486 3101 1534 3164 eis
1556 3097 1608 3162 bis
1630 3098 1758 3162 narrari
1779 3105 1872 3182 putat
1893 3120 1994 3163 naves
2017 3107 2159 3162 armatas
2182 3121 2254 3164 esse

443 3219 520 3274 ante
541 3206 619 3271 solis
640 3211 761 3282 ortum,
784 3201 969 3286 militesque
994 3200 1103 3285 jussos
1126 3198 1292 3263 silentium
1321 3223 1430 3285 agere.
1474 3199 1587 3266 Facile
1616 3221 1696 3266 vero
1724 3199 1921 3286 intelligitur
1944 3203 2078 3288 quinam
2101 3201 2255 3267 differant

443 3314 508 3379 duo
530 3306 792 3374 illa·enuntiata:
820 3301 988 3368 Prioribus
1019 3301 1129 3368 verbis
1158 3301 1273 3367 addita
1300 3312 1349 3369 est
1379 3305 1533 3391 temporis
1561 3312 1638 3369 nota
1660 3309 1727 3391 περὶ
1749 3307 1879 3392 ὄρθρον,
1909 3304 2146 3390 posterioribus
2175 3304 2257 3369 alia:

441 3412 563 3496 νυκτός;
590 3412 699 3499 priore
726 3408 801 3474 loco
831 3417 983 3473 narratur
1011 3428 1107 3470 mane
1132 3405 1251 3471 milites
1274 3407 1308 3470 in
1331 3407 1471 3473 navibus
1493 3406 1668 3472 collocatos
1691 3405 1778 3489 esse',
1809 3407 2006 3493 posteriore,
2037 3428 2092 3472 eos
2114 3429 2253 3494 vespere

443 3519 548 3584 adhuc
570 3518 605 3580 in
627 3513 766 3580 navibus
796 3521 829 3576 et
857 3533 916 3578 suo
945 3532 1105 3597 quemque
1134 3507 1345 3588 loco,fuisse;
1375 3511 1555 3578 secundum
1584 3513 1695 3596 priora
1718 3513 1805 3597 jussi
1835 3519 1910 3575 sunt
1939 3509 2060 3574 milites
2089 3508 2255 3574 silentium

443 3629 578 3707 agentes
607 3617 789 3703 exspectari
819 3615 899 3701 quid
927 3615 1160 3700 praecipiatur,
1190 3613 1370 3688 secundum
1400 3614 1582 3700 posteriora
1610 3614 1644 3676 in
1666 3612 1771 3698 primo
1801 3613 1915 3679 ordine
1945 3611 2123 3678 collocatae
2142 3635 2254 3686 *naves

413 3737 419 3746 '
438 3725 550 3811 jussae
572 3730 648 3786 sunt
669 3719 740 3784 loca
761 3741 821 3783 sua
842 3726 955 3782 tenere
976 3738 1082 3801 neque
1105 3738 1247 3801 pugnam
1270 3719 1489 3797 committere;
1517 3717 1751 3805 denique-id
1774 3718 1861 3804 quod
1883 3709 2046 3783 summum
2069 3715 2200 3782 videtur
2213 3753 2252 3763 -

440 3825 498 3891 illa
514 3826 609 3913 jussa
629 3831 705 3887 sunt
725 3821 835 3907 priore
858 3819 911 3884 die
934 3830 971 3884 ut
992 3819 1111 3884 fierent
1132 3821 1323 3906 posteriore,
1345 3821 1428 3886 haec
1450 3820 1538 3886 iacta
1555 3821 1736 3906 posteriore
1753 3820 1818 3885 die.
1848 3820 1941 3886 ldem
1964 3822 2065 3907 igitur
2087 3821 2172 3885 inter
2193 3820 2254 3885 hos

442 3930 530 3997 locos
553 3936 602 3993 est
624 3927 799 3991 discrimen
821 3922 909 4009 qnod
931 3944 1002 3988 esse
1020 3921 1103 3987 solet
1120 3925 1206 3988 inter
1219 3923 1347 4008 jussum
1366 3924 1478 3988 datum
1496 3932 1530 3987 et
1546 3921 1741 4009 perlectum:
1765 3921 1890 4010 quade
1909 3945 2008 3988 causa
2025 3911 2253 4008 argumentum

442 4032 524 4098 haec
545 4030 648 4096 verba
669 4050 733 4093 non
757 4025 916 4113 praebent
938 4046 1002 4111 quo
1022 4026 1155 4111 probari
1176 4030 1287 4112 possit,
1311 4026 1522 4093 Plutarchum
1545 4027 1644 4090 etiem
1666 4026 1810 4091 ubilero
1828 4035 1983 4112 sequatur
2001 4025 2254 4113 Xenophontem

443 4157 487 4200 ex
508 4133 581 4198 aliis
602 4130 743 4197 lontibus
764 4128 923 4194 nonnulla
944 4127 1118 4193 addidisse.
1564 4113 1566 4122 ⁴
1785 4135 1792 4142 '

596 4234 636 4298 In
665 4235 713 4299 eis
735 4254 817 4319 quae
840 4241 1020 4319 sequuntur
1042 4232 1129 4319 apud
1148 4231 1376 4311 Plutarchum,
1407 4231 1485 4300 οὕτω
1513 4235 1549 4300 δὲ
1570 4241 1634 4300 κτλ.
1664 4253 1749 4317 quae
1772 4253 1846 4296 cum
1869 4229 2086 4318 Xenophonte
2109 4233 2156 4296 ita
2177 4253 2255 4296 con-

442 4349 578 4426 gruunt,
607 4347 645 4403 ut
666 4361 710 4404 ex
732 4358 771 4403 eo
794 4346 925 4422 sumpta
952 4357 1023 4400 esse
1044 4335 1380 4402 Buechsenschuetzio
1409 4335 1598 4428 videantur,
1629 4335 1739 4414 („einc
1767 4334 1987 4421 bearbeitung
2014 4334 2254 4420 Xenophons“)

442 4443 594 4530 proprius
615 4451 722 4507 tamen
744 4439 919 4504 Plutarcho
941 4449 991 4504 set
1013 4461 1166 4504 numerus
1195 4440 1329 4504 navium
1353 4461 1373 4502 a
1394 4438 1566 4524 Lysandro
1588 4439 1857 4524 praemissarum,
1887 4460 1972 4525 qnae
2002 4436 2111 4502 hostes
2145 4437 2255 4503 obscr-

443 4554 574 4627 varent,
603 4549 659 4612 δύο
681 4547 763 4626 unffi)
797 4553 876 4628 τρεῖς
904 4536 1051 4630 τριήρεις,
1081 4564 1161 4628 quas
1189 4541 1273 4606 Xen.
1304 4542 1384 4607 dicit
1412 4545 1466 4622 τοῖς
1494 4544 1641 4627 ταχίστας
1668 4543 1731 4608 τῶν
1752 4541 1891 4626 νεῶν“(ἓ.
1917 4541 1984 4624 24).
2030 4541 2131 4606 Recte
2153 4541 2256 4626 igitur

443 4673 517 4715 cum
540 4655 661 4713 statuat
680 4645 820 4711 Buechs.
844 4668 887 4711 ex
909 4645 1127 4730 Xenophonte
1149 4645 1231 4710 haec
1259 4645 1363 4710 verba
1384 4667 1451 4709 non
1473 4667 1544 4710 esse
1567 4645 1749 4730 sumpta⁴)‚
1779 4652 1977 4708 tamennon
2001 4654 2052 4709 est
2074 4645 2254 4709 verisimile

600 4787 624 4852 ¹)
643 4800 713 4853 quas
731 4781 817 4836 verba
835 4781 882 4838 Gr.
900 4798 994 4851 progr.
1012 4783 1045 4835 21
1064 4781 1246 4851 Xenophonti
1264 4781 1393 4836 addenda
1410 4786 1501 4852 putat,
1518 4799 1581 4836 cum
1599 4781 1761 4836 necessaria
1777 4781 1861 4850 plane
1880 4799 1937 4836 non
1955 4781 2031 4840 sint..

600 4871 624 4936 ²)
642 4869 715 4924 hano
732 4867 899 4936 partIculam
916 4867 1033 4923 Buechs.
1052 4868 1153 4922 omisit.

599 4959 624 5023 ³)
645 4959 685 5009 De
703 4954 756 5008 hoe
774 4971 826 5008 usu
843 4954 999 5022 particulae
1016 4953 1062 5028 καὶ
1080 4970 1143 5007 oum
1166 4952 1358 5006 numeralibus
1385 4953 1553 5022 conjunctae
1571 4955 1601 5006 et
1625 4955 1699 5020 „oel“
1725 4951 1910 5024 significantis
1942 4951 1991 5008 cir.
2022 4957 2138 5022 praeter
2162 4953 2255 5008 Sinte-

441 5041 544 5097 nisium
561 5042 596 5095 ad
614 5042 632 5096 l.
650 5039 706 5108 (ed,
726 5041 804 5101 1841)
822 5037 950 5110 Krueger
966 5040 1068 5107 ca‚-32,
1087 5042 1118 5104 43
1137 5039 1173 5093 ad
1190 5040 1243 5094 An.
1261 5039 1302 5094 IV
1321 5042 1346 5106 7,
1366 5041 1399 5093 10
1417 5038 1477 5106 (ubi
1495 5043 1591 5092 tamen
1609 5039 1698 5092 ceteri
1717 5039 1839 5094 editores
1865 5039 1917 5095 δύο
1941 5037 1958 5108 ἢ
1985 5041 2049 5109 τρία
2075 5039 2187 5110 βήματα
2213 5039 2256 5092 le·

443 5135 531 5198 gunt),
549 5127 585 5182 ad
603 5127 694 5183 Thulr.
713 5126 726 5178 1
743 5128 786 5193 82,
804 5127 837 5194 3;
856 5125 978 5178 Dindorf
993 5123 1029 5177 cd
1047 5124 1083 5178 de
1101 5141 1132 5178 re
1147 5141 1192 5194 eq.
1211 5123 1253 5178 IV
1271 5127 1289 5178 4
1307 5124 1360 5190 (ed.
1380 5123 1493 5192 Oxou.);
1513 5123 1693 5180 Schoemann
1711 5125 1748 5178 sd
1765 5123 1880 5178 Jsaeum
1896 5141 1924 5192 p.
1943 5125 2003 5178 307.

600 5213 624 5276 ⁴)
643 5218 690 5280 qui
708 5213 783 5265 enim
801 5211 860 5264 fieri
878 5209 1024 5279 potuisset,
1042 5215 1074 5263 ut
1090 5209 1135 5264 his
1152 5211 1276 5264 numeris
1295 5210 1404 5285 omissis
1423 5211 1589 5280 epitomator
1608 5209 1747 5264 scriberet
1763 5209 1814 5273 τὰς
1840 5209 1994 5280 tulisses?
2019 5209 2067 5266 cfr.
2094 5209 2128 5265 Η.
2156 5206 2255 5267 Stede.

440 5297 513 5354 t'sldt
530 5299 547 5352 1.
566 5299 585 5351 l.
603 5313 667 5367 pag.
686 5299 727 5352 52
1292 5309 1296 5314 “
