4820 6094
1310 489 1354 554 20

1250 579 1405 592 μ

420 719 512 762 suam
534 697 755 762 narrationem
778 695 1020 783 compilaret¹)‚
1042 695 1100 762 sed
1121 697 1184 774 ita,
1214 705 1251 760 ut
1278 718 1332 762 res
1360 706 1469 783 gestas
1497 718 1636 764 narrans
1663 717 1764 763 unum
1785 706 1979 784 sequeretur
2001 697 2134 784 ducem,
2175 700 2234 786 qui

421 799 554 886 quidem
576 823 636 865 uon
657 822 786 886 semper,
809 808 919 864 tamen
941 801 976 864 in
999 821 1065 866 una
1086 798 1266 885 eademque
1288 821 1324 864 re
1346 797 1510 864 narranda
1530 799 1619 864 idem
1645 800 1760 878 erati)
1817 829 1820 832 ·

576 902 651 968 Jam
674 924 747 968 cum
766 901 959 968 Plutarchus
977 903 1091 968 Niciae
1110 904 1210 967 vitam
1234 896 1424 968 describens
1445 903 1537 988 sequi
1560 904 1719 990 potuisset
1729 902 1957 989 Thucydidem
1976 913 2033 968 aut
2051 903 2230 990 Ephorum,

370 1023 381 1094 Ἰ
421 1013 519 1091 atque
542 1027 614 1070 cum
637 1005 811 1091 probatum
833 1028 919 1070 nunc
942 1007 1061 1082 essem)
1084 1003 1278 1091 Thucydide
1300 1007 1371 1092 ipso
1395 1028 1468 1072 euin
1493 1028 1586 1070 usum
1608 1026 1674 1070 non
1697 1028 1778 1084 esse,
1795 1027 1968 1092 quemnam
1988 1007 2089 1073 alium
2101 1019 2232 1074 secutus

421 1118 471 1172 est
488 1131 590 1204 quam
613 1107 800 1194 Ephorum?
844 1109 975 1189 Quare
997 1107 1032 1174 id
1055 1129 1184 1195 quoque
1208 1109 1280 1194 jam
1309 1110 1387 1174 satis
1417 1108 1640 1186 confirmatur,
1672 1107 1713 1174 de
1749 1130 1813 1196 quo
1853 1111 1951 1175 etiam
1991 1110 2231 1176 dubitationem

396 1299 399 1310 Ι
420 1211 522 1275 movit
543 1209 894 1295 Buschsensehuem),
919 1210 1087 1297 Ephorum
1108 1231 1145 1275 re
1168 1232 1247 1275 vera
1270 1233 1351 1297 opus
1374 1233 1468 1276 suum
1491 1213 1537 1276 ita
1559 1212 1739 1276 instituisse
1757 1221 1793 1276 ut
1810 1233 1894 1297 quae
1912 1215 2037 1298 priores
2054 1216 2231 1302 scriptores

418 1312 630 1378 tradidissent
654 1316 866 1397 examinaret,
890 1337 973 1400 quae
996 1325 1085 1379 recte
1108 1313 1197 1378 dicta
1218 1314 1410 1381 viderentur
1431 1316 1465 1378 in
1495 1314 1717 1380 narrationem
1747 1336 1839 1378 auam
1874 1317 2054 1402 reciperet,
2086 1327 2123 1382 ut
2151 1339 2230 1382 vero

420 1439 503 1503 quae
525 1415 607 1482 falsa
629 1418 821 1482 viderentur
842 1427 983 1482 mutaret
1005 1426 1038 1482 et
1060 1419 1245 1502 corrigeret,
1269 1417 1494 1483 additamenta
1522 1419 1670 1482 inserens
1688 1418 1866 1504 praecipue
1901 1441 1944 1483 ex
1974 1418 2116 1505 publicis
2145 1441 2230 1506 quae

419 1519 573 1585 dicuntur
594 1522 675 1584 actis
697 1520 833 1607 aliisque
857 1545 900 1585 ex
921 1519 1066 1585 fontibus
1089 1523 1263 1606 sumpta.⁵)
1308 1520 1343 1585 Si
1367 1541 1446 1587 vero
1468 1519 1672 1606 Thucydidis
1695 1542 1794 1606 opere
1816 1522 1863 1584 ita
1883 1542 1961 1586 usus
1995 1531 2045 1586 est
2067 1521 2228 1609 Ephorus,

420 1623 462 1688 de
484 1622 712 1709 Xenophontis
734 1621 866 1688 historia
887 1646 1006 1710 graeca
1028 1624 1117 1688 idem
1140 1625 1238 1688 statui
1261 1633 1376 1710 potest,
1400 1645 1439 1686 ea
1461 1645 1589 1712 quoque
1611 1621 1702 1687 illum
1721 1632 1886 1710 tamquam
1904 1623 2116 1690 fundamento
2133 1647 2228 1692 usum

420 1748 492 1792 esse
515 1737 613 1813 atque
635 1749 734 1814 saepe
757 1727 798 1792 ad
822 1726 959 1792 verbum
982 1749 1055 1792 eam
1078 1728 1301 1812 exscripsisse.
1323 1765 1366 1774 -
1395 1727 1506 1811 Atque
1534 1748 1607 1789 cunr
1636 1723 1831 1814 Thucydide
1858 1747 1923 1790 non
1959 1728 2030 1812 ipso
2071 1727 2128 1792 sed
2168 1752 2229 1815 per

420 1831 587 1916 Ephorum
611 1839 777 1916 tamquam
800 1831 944 1896 medium
966 1827 1047 1896 usus
1070 1843 1155 1897 esset
1176 1830 1417 1916 Plutarchusl),
1438 1841 1550 1893 nostro
1577 1828 1654 1915 jure
1683 1829 1870 1908 statuimus,
1901 1829 2038 1893 eandem
2067 1832 2229 1896 rationem

420 1933 625 1999 intercedere
648 1934 734 1998 iuter
756 1932 965 1998 Plutarchum
989 1935 1161 2024 haesitas
1184 1932 1257 1998 illas
1279 1932 1475 1997 scribentem
1499 1939 1532 1995 et
1553 1931 1814 2017 Xenophontem,
1838 1941 1875 1996 ut
1896 1932 2022 2012 omnia,
2052 1954 2133 2018 quae
2162 1957 2230 2000 aaa

419 2037 496 2102 dem
517 2058 570 2100 res
592 2059 728 2100 narrans
749 2034 844 2123 plura
865 2035 921 2102 ille
944 2036 1052 2101 tradat
1073 2046 1108 2102 et
1129 2037 1333 2101 accuratiora
1354 2034 1495 2122 prebent
1515 2056 1580 2100 nou
1604 2033 1857 2120 Xenophontem
1889 2034 1948 2100 sed
1969 2033 2148 2121 Ephorum,
2171 2039 2228 2124 qui

419 2139 637 2225 Xenophonte
659 2139 821 2218 utebatur,
845 2139 968 2204 fontem
991 2139 1090 2204 fuisse
1114 2138 1325 2218 Plutarchi.⁷)

573 2242 713 2309 Accedit
734 2242 821 2330 quod
843 2263 909 2307 non
932 2243 973 2307 de
996 2241 1127 2328 Ephoro
1150 2242 1218 2306 solo
1241 2239 1515 2304 talia.statuenda
1536 2262 1616 2324 esse,
1640 2240 1695 2304 sed
1721 2241 1819 2306 etiam
1844 2240 1885 2304 de
1907 2241 1981 2306 aliis
2003 2239 2227 2328 scriptoribus,

354 2325 359 2372 ²
418 2367 524 2432 nuper
546 2368 566 2409 a
588 2345 627 2414 G.
652 2344 801 2412 Gilberto
825 2346 931 2412 edocti
953 2368 1080 2411 sumus:
1125 2345 1190 2425 Qui
1213 2345 1255 2410 de
1277 2342 1465 2408 Plutarcbei
1484 2341 1605 2408 Thesei
1628 2337 1772 2407 fontibus
1794 2344 1928 2428 agens⁸)
1951 2342 2106 2429 probavit
2128 2343 2228 2430 (quod

418 2448 531 2536 legens
552 2470 678 2514 summo
700 2449 821 2535 gaudio
844 2472 915 2514 sum
938 2449 1096 2532 affectus),
1123 2469 1196 2512 non
1212 2446 1442 2511 Philochorum
1464 2445 1564 2512 fuisse
1587 2446 1709 2510 fontem
1728 2443 1894 2510 Plutarchi
1915 2443 2005 2509 illam
2028 2447 2129 2522 vitam
2148 2449 2227 2511 scri·

419 2551 537 2633 bentis,
569 2550 627 2616 aed
649 2549 767 2616 Istrum
791 2554 848 2639 qui
870 2552 1016 2618 hauserit
1037 2574 1081 2616 ex
1103 2550 1308 2628 Philochoro,
1332 2572 1372 2614 ac
1392 2548 1530 2636 protulit
1551 2549 1733 2635 complures
1756 2548 1922 2614 Plutarchi
1937 2549 2056 2628 locos,
2087 2571 2225 2634 quorum

418 2654 521 2720 verba
543 2653 639 2740 plane
660 2665 844 2741 congruunt
867 2677 940 2721 cum
964 2654 1155 2741 fragmentis
1177 2652 1412 2737 Philochoril),
1435 2675 1478 2718 ex
1503 2673 1567 2739 quo
1598 2664 1707 2718 tamen
1737 2676 1802 2717 non
1830 2654 1901 2740 ipso
1930 2651 1989 2717 sed
2019 2675 2077 2738 per
2105 2652 2225 2717 Istrum

418 2758 563 2844 medium
587 2758 629 2823 ad
652 2757 861 2824 Plutarchum
885 2771 1115 2846 pervenerunt.
1160 2758 1274 2844 ltaque
1296 2779 1362 2821 non
1385 2757 1457 2843 jam
1486 2754 1617 2821 videtur
1646 2754 1861 2820 dubitandum
1892 2777 1963 2820 esse
1992 2754 2034 2820 de
2060 2754 2226 2820 scribendi

417 2859 475 2924 illa
496 2864 622 2927 ratione
645 2862 769 2948 Ephori
791 2885 811 2928 a
832 2862 1045 2928 Stedeleldtio
1069 2861 1203 2928 Friclrio
1226 2861 1300 2926 aliis
1322 2860 1468 2946 probata.

575 3039 598 3102 1)
617 3049 699 3104 quem
717 3034 818 3104 agendi
837 3034 974 3090 rationem
993 3034 1189 3088 Plutus-cheam
1208 3034 1295 3088 fnisse
1313 3029 1557 3086 Buechsenschsitz
1576 3029 1696 3099 probare
1714 3028 1825 3098 studet;
1854 3027 1903 3086 cir.
1929 3027 1948 3080 l.
1978 3028 1996 3083 l.
2024 3033 2090 3088 263:
2119 3026 2167 3084 ch.
2196 3028 2228 3082 0.

416 3118 517 3173 Fflckfl
534 3120 552 3178 l.
571 3120 651 3270 lilii
668 3206 772 3276 Campe
790 3207 807 3262 1.
825 3207 844 3260 l.
863 3211 939 3260 recte
957 3207 1071 3267 statuit,
1090 3205 1140 3260 cfr.
1158 3205 1193 3260 H.
1213 3203 1332 3272 Sauppe,
1351 3201 1414 3270 „die
1431 3203 1542 3272 quellen
1567 3200 1722 3256 Plutarch’a
1748 3201 1793 3254 fiir
1817 3200 1867 3254 dae
1894 3201 1978 3254 leben
2003 3197 2053 3254 des
2071 3197 2221 3266 Perikles‘·‚

417 3289 570 3360 Gottingen
590 3292 665 3345 1667.
683 3321 717 3332 -
736 3291 856 3346 Groaser
872 3309 936 3349 nov.
954 3308 1019 3348 ann.
1040 3291 1098 3353 106,
1118 3293 1184 3358 7233
1203 3306 1298 3359 progr.
1319 3293 1358 3344 1³.
1380 3319 1381 3328 .

573 3377 599 3438 ³)
618 3394 634 3429 s
652 3376 815 3432 Collmanno
832 3377 850 3432 l
869 3377 887 3436 l.
904 3394 952 3447 pg.
972 3378 1070 3431 1-26
1088 3379 1117 3430 st
1134 3393 1151 3430 a
1171 3374 1402 3450 Volquardseniq
1427 3371 1699 3442 ,‚Uutersuchungen
1723 3371 1794 3425 iiber
1819 3369 1865 3426 die
1890 3369 2003 3440 quellan
2028 3369 2080 3442 der
2106 3369 2225 3440 griechi-

416 3461 503 3516 schen
519 3460 580 3514 und
596 3461 758 3538 siciliachen
775 3463 959 3534 geschichten
976 3462 1023 3517 bei
1040 3460 1171 3530 Diodor‘,
1189 3459 1253 3513 Kiel
1272 3461 1348 3516 1868.

479 3540 481 3544 ’
573 3549 598 3614 ⁴)
617 3548 637 3601 l.
655 3549 673 3603 1.
691 3551 754 3605 21⁸:
779 3547 957 3617 „abgeaehen
980 3547 1081 3616 daron,
1107 3547 1173 3602 dasz
1192 3564 1221 3600 os
1240 3563 1275 3600 an
1290 3544 1385 3614 jedem
1402 3562 1456 3598 nur
1474 3543 1694 3612 einigermasseu
1718 3539 1951 3596 sinleucbtenden
1976 3542 2096 3596 beweiss
2114 3541 2159 3596 fiir
2176 3539 2222 3594 die

416 3637 635 3704 voraussetzung
652 3635 730 3697 fehlt
758 3634 823 3688 dass
841 3633 972 3704 Ephorus
992 3636 1041 3688 sus
1055 3635 1125 3689 Xan.
1153 3629 1260 3686 beruhe
1287 3631 1345 3686 und
1369 3636 1480 3685 austtze
1506 3635 1558 3687 etc.
1586 3629 1718 3700 gemacht
1744 3628 1833 3690 habe,
1857 3629 1897 3681 ist
1922 3645 1952 3680 es
1977 3626 2049 3682 such
2072 3625 2154 3681 mehr
2184 3626 2225 3681 ala

416 3719 695 3787 unwahrscheinlicb,
713 3719 777 3774 dass
795 3721 842 3775 siu
859 3718 1160 3790 geschichtschreiber,
1179 3718 1231 3771 wis
1248 3715 1387 3786 Ephesos,
1406 3717 1482 3770 seina
1500 3719 1657 3784 verginger
1673 3715 1702 3767 in
1721 3712 1773 3767 der
1788 3715 1873 3767 weiss
1892 3713 1974 3766 sollte
1988 3711 2222 3783 ausgeschriebeu

414 3803 517 3872 haben,
534 3804 599 3858 dass
618 3803 678 3858 sich
694 3803 769 3858 noch
786 3804 833 3859 bei
851 3805 984 3860 Plutarch
1002 3805 1031 3858 in
1050 3803 1122 3870 dem,
1140 3820 1197 3856 was
1216 3819 1247 3856 er
1264 3821 1312 3856 aus
1330 3801 1459 3870 Ephorus
1478 3798 1631 3867 entlebnte,
1649 3815 1746 3870 grosse
1765 3803 1842 3852 sitne
1860 3798 1889 3851 in
1907 3797 2056 3854 desselben
2081 3797 2154 3852 iorni
2172 3799 2224 3851 wis

415 3891 462 3945 bei
479 3891 639 3960 Xenophon
656 3891 752 3947 finden
769 3891 920 3946 lrdnnten‘t
938 3921 970 3932 -
988 3891 1092 3945 Mirum
1110 3907 1166 3944 non
1184 3895 1236 3955 est,
1253 3890 1297 3944 his
1315 3888 1408 3944 verbis
1427 3884 1692 3942 Buechssnscbtitaii
1718 3901 1754 3939 ex
1780 3885 1873 3938 animo
1900 3884 2030 3938 assentiri
2058 3883 2223 3938 Groaaerum

414 3995 509 4048 progr.
530 3982 571 4033 14.

572 4066 598 4130 ὅ)
616 4065 665 4118 cfr.
689 4065 775 4118 etiam
798 4063 844 4118 Fr.
863 4061 961 4130 Ruebl,
983 4079 1048 4115 nov.
1066 4079 1131 4114 ann.
1149 4063 1192 4128 97,
1210 4063 1262 4115 668
1280 4077 1321 4126 eq.
1341 4091 1372 4101 -
1393 4059 1529 4113 Similiter
1543 4059 1602 4127 jam
1616 4056 1756 4125 judicavit
1772 4055 1819 4108 Fr.
1838 4055 1959 4108 Greuaer
1975 4055 1994 4110 l.
2012 4054 2031 4108 l.
2049 4056 2109 4108 324.

571 4152 595 4214 ⁶)
614 4149 791 4217 Thucydides
816 4165 927 4218 quoque
949 4163 1005 4202 non
1030 4149 1124 4201 omnia
1141 4145 1267 4200 narravit
1284 4163 1353 4214 quae
1371 4161 1486 4198 namara
1503 4141 1603 4212 potuit.
1657 4141 1703 4195 Sic
1732 4139 1798 4194 VIII
1825 4142 1872 4206 12,
1897 4139 1945 4206 it,
1970 4139 2112 4194 infensum
2136 4140 2222 4194 luisse

414 4235 531 4304 Agidem
548 4234 689 4290 Alcibiadi
706 4235 801 4302 refert,
820 4251 870 4288 cur
886 4235 970 4288 luerit
988 4234 1097 4299 omisit,
1116 4231 1190 4301 quod
1206 4230 1325 4300 legimus
1344 4229 1418 4299 apud
1436 4226 1618 4283 Plutarchum
1635 4227 1694 4280 Alc.
1712 4227 1746 4278 23
1764 4225 1826 4290 (cit.
1850 4222 1953 4278 Justim
1973 4224 2000 4279 V
2024 4227 2050 4292 2,
2075 4228 2110 4293 5).
2145 4225 2222 4279 Num

414 4321 480 4375 inde
498 4322 656 4392 colligimus
675 4318 846 4389 Thucydidis
865 4319 952 4374 verba
969 4336 1004 4372 ex
1022 4317 1173 4372 Plutarcho
1192 4334 1252 4372 esse
1270 4315 1415 4386 sugenda?
1441 4313 1489 4370 cir.
1508 4331 1578 4382 qnae
1597 4312 1651 4365 alia
1668 4310 1796 4380 exempla
1813 4309 1927 4379 collegit
1944 4307 1973 4364 C.
1992 4309 2025 4364 G.
2044 4313 2170 4379 Krueger
2185 4309 2222 4364 ad

414 4407 527 4475 Dionys.
544 4407 642 4460 histor.
663 4408 723 4461 256.
1729 4435 1741 4464 0
2197 4391 2215 4414 ‘

571 4493 596 4558 ²)
615 4493 693 4561 cujus
711 4489 752 4546 rei
770 4491 845 4545 aliud
864 4495 1058 4562 argumentum
1077 4489 1158 4543 affert
1175 4486 1342 4556 Stedeleldt,
1358 4487 1377 4541 l.
1396 4486 1413 4543 l.
1431 4488 1466 4540 43
1484 4504 1525 4555 sq.
1551 4501 1624 4554 „quo
1648 4481 1794 4552 Ephorum
1820 4499 1837 4536 a
1867 4481 2018 4536 Plutarcho
2048 4482 2221 4550 exscriptum

413 4596 475 4634 esse
493 4580 537 4633 vel
554 4579 695 4631 atrocibus
714 4577 881 4632 messeniis
899 4593 982 4645 spero
1000 4577 1224 4630 demonstratum
1241 4574 1302 4631 iri“.
1338 4572 1490 4628 Pausanias
1509 4571 1549 4625 111
1568 4588 1590 4624 c.
1608 4572 1635 4634 8,
1653 4571 1740 4624 7-10
1757 4567 1792 4622 de
1815 4567 1946 4636 Agesilao
1972 4567 2048 4621 idem
2071 4567 2131 4621 iere
2157 4583 2221 4620 nar-

413 4681 479 4718 rans
497 4681 530 4718 ec
547 4662 620 4719 Plut.
639 4670 668 4717 et
685 4679 768 4731 saepe
786 4663 915 4734 congruit
932 4679 996 4717 cum
1005 4660 1194 4729 Xenophonte
1212 4664 1241 4714 et
1258 4659 1306 4712 ubi
1324 4660 1359 4713 ab
1378 4675 1411 4713 eo
1428 4657 1525 4712 differt
1541 4657 1651 4724 saepius
1670 4653 1781 4708 easdem
1799 4667 1844 4706 res
1862 4653 1981 4706 inseruit
1998 4669 2031 4706 ac
2044 4652 2116 4708 Plut
2151 4652 2221 4707 Inde

413 4747 602 4820 colligendum
620 4755 663 4802 est
681 4756 729 4802 aut
747 4749 912 4802 Pausaniam
930 4763 966 4801 ex
983 4745 1082 4800 eodem
1100 4762 1133 4799 ao
1150 4745 1331 4799 Plutarchum
1356 4749 1433 4798 sonte
1454 4743 1580 4796 hausisse
1605 4747 1635 4794 et
1661 4743 1751 4809 ipsum
1775 4738 1862 4807 igitur
1884 4738 1997 4806 integro
2023 4737 2219 4806 Xenophontis

412 4854 498 4906 opere
515 4853 595 4891 usum
613 4851 683 4901 ease,
701 4837 749 4888 aut
765 4837 897 4888 nentrum
915 4851 949 4887 ex
967 4829 1155 4901 Xenophonte
1173 4830 1223 4885 sed
1241 4835 1388 4898 utrumque
1407 4846 1441 4882 ex
1459 4827 1574 4908 Ephoro
1591 4825 1641 4879 illa
1658 4825 1851 4892 exscripsisse.
1875 4855 1909 4866 -
1932 4824 1980 4882 cir.
2008 4823 2126 4877 eundem
2149 4822 2219 4876 ibid.

411 4926 447 4978 46
465 4942 506 4993 sq.
525 4927 555 4977 et
571 4922 605 4976 ll.
624 4919 775 4989 Sauppium
793 4919 811 4973 l.
829 4920 847 4975 l
865 4921 883 4973 9
900 4937 940 4989 sq.
958 4917 1133 4989 probantem,
1150 4917 1186 4970 ab
1205 4915 1320 4985 Ephoro
1339 4933 1447 4970 summa
1464 4913 1532 4967 belli
1557 4911 1654 4967 semici
1678 4910 1778 4964 codem
1802 4909 1885 4964 modo
1909 4913 2023 4968 narrata
2048 4924 2110 4964 esse
2134 4925 2218 4976 quam

412 5027 430 5064 a
446 5008 617 5078 Thucydide,
634 5005 737 5062 additis
756 5009 851 5059 tamen
869 5005 984 5072 minoris
1002 5003 1137 5060 momenti
1154 5003 1249 5057 multis
1267 5002 1361 5056 rebus.

569 5097 594 5162 ⁸)
612 5095 642 5149 in
659 5093 894 5150 commentatione
911 5108 992 5160 quam
1010 5108 1074 5160 pag.
1094 5092 1134 5154 19,
1152 5093 1169 5143 7
1186 5087 1306 5144 landari.
1329 5087 1380 5144 cfr.
1398 5085 1499 5142 Philol.
1516 5085 1586 5140 Ana.
1606 5085 1681 5139 1878.
1700 5082 1790 5150 suppl
1809 5097 1856 5150 pg.
1874 5081 1933 5136 666.

569 5181 593 5251 ⁹)
611 5180 665 5235 Sic.
683 5195 707 5233 o.
728 5179 759 5232 13
777 5193 931 5248 congruere
948 5192 1011 5230 cum
1029 5175 1190 5231 Philochori
1206 5174 1259 5244 bg.
1278 5175 1320 5242 36,
1340 5183 1352 5226 1
1372 5196 1407 5220 =
1424 5171 1526 5228 Miller
1544 5177 1555 5226 l
1573 5171 1624 5224 690
1642 5167 1777 5238 probatur
1794 5181 1858 5236 pag.
1876 5168 1923 5233 54;
1944 5182 1968 5222 c.
1985 5165 2019 5220 86
2037 5180 2099 5216 cum
2116 5161 2169 5234 frg.
2182 5161 2218 5216 46

410 5283 476 5341 pag.
493 5267 536 5322 65.
571 5268 623 5320 cfr.
639 5281 721 5338 pagg.
740 5267 788 5334 585
807 5265 849 5319 66.
