4820 6094
1005 475 1159 574 Q

333 681 510 748 Desiderat
532 678 652 745 deinde
671 679 809 746 Groaser
823 687 982 772 'accurate
1004 679 1143 747 relatum
1160 659 1334 746 numerum
1347 681 1579 749 Thebanorum
1600 691 1633 749 et
1644 684 1992 766 Lacedaemoniorum,

179 809 252 852 cum
274 783 322 849 lV
342 785 375 870 2,
400 784 528 851 16-18
550 805 705 848 numerus
728 805 838 848 eorum
862 784 918 870 qui
939 806 1071 870 pugnae
1102 785 1288 850 Nemeaeae
1311 785 1464 850 affirerint
1496 784 1568 851 fuse
1605 769 1744 852 traditus
1784 790 1826 853 sit
1861 798 1994 856 etcum

177 883 279 956 voces'
297 891 380 968 noti,
396 889 527 967 πλέονες,
548 887 752 973 παραπλήσιοι
774 885 961 974 ἀμφοτέροις
983 890 1019 955 τά
1041 890 1166 974 πλῆθοζ
1193 885 1334 973 probent
1355 889 1391 952 in
1413 910 1492 955 vero
1516 911 1614 975 opere
1645 899 1814 957 accuratos
1841 915 1994 958 numeros

177 993 279 1058 iniisse
302 992 495 1077 exscriptos.
541 989 635 1069 Quae
658 1010 777 1054 causae
799 991 913 1054 inanes
936 999 1019 1054 sunt
1065 989 1149 1054 Nam
1171 989 1259 1077 quod
1282 989 1355 1054 aliis
1376 989 1457 1056 locis
1479 1013 1649 1058 numerum
1684 1015 1798 1059 eorum
1827 997 1883 1081 qui
1912 1019 1993 1083 pug-

178 1103 261 1162 nant
280 1101 431 1160 accurate
453 1091 638 1184 Xenophon
661 1091 794 1175 rettulit,
818 1113 953 1157 necesse
974 1113 1038 1156 non
1063 1101 1113 1156 est
1135 1113 1209 1158 eum
1232 1093 1330 1158 etiam
1353 1093 1509 1160 hocloco
1532 1093 1619 1160 idem
1642 1095 1775 1176 fecisse,
1807 1099 1942 1163 etiamsi*
1956 1121 1993 1165 re

177 1199 319 1264 vera'—
343 1218 449 1284 neque
472 1217 552 1262 vero
574 1217 704 1283 semper
732 1233 776 1245 -
807 1194 948 1294 easdem·
969 1217 1023 1260 res
1050 1195 1168 1260 iisdem
1198 1196 1308 1261 verbis
1336 1197 1460 1262 referre
1496 1197 1616 1282 scleat3
1651 1220 1758 1285 neque
1799 1222 1842 1265 ex
1881 1198 1994 1268 verbis

177 1303 345 1372 πελτασταί
367 1337 404 1349 -
429 1301 507 1367 πολι(
530 1299 651 1378 πλέονες
673 1300 702 1366 oi
723 1301 790 1383 μετ’
809 1301 1005 1386 Ἀγησιλάου·
1027 1299 1127 1379 ἱππεῖς
1149 1297 1217 1366 d’nd
1245 1303 1448 1387 παραπλήσιοι
1471 1303 1654 1391 ἀμφοτέρας
1681 1305 1718 1370 τά
1751 1310 1872 1389 πλῆθος
1910 1303 1995 1370 illud

177 1405 324 1491 sequitur
345 1403 432 1490 qnod
456 1403 513 1476 Gr.
536 1401 712 1468 contendit.
757 1401 834 1467 Dici
856 1403 944 1467 enim
973 1402 1154 1468 rectissime
1189 1411 1311 1489 potest:
1342 1402 1510 1489 „peltastis
1543 1403 1718 1492 Agesilaus
1748 1407 1896 1492 superior
1925 1417 1995 1474 erat

178 1505 355 1586 Thebanis,
379 1527 452 1570 cum
476 1507 638 1592 equitatus
661 1503 795 1570 alterius
819 1505 985 1571 exercitus
1009 1505 1104 1571 alteri
1133 1505 1202 1571 lere
1231 1528 1292 1593 par
1321 1514 1443 1591 esset“;
1483 1506 1544 1572 hoc
1580 1515 1670 1574 recte
1704 1508 1824 1574 dicitnr
1864 1511 1993 1576 etiamsi

177 1611 326 1677 neutrius
348 1612 513 1676 exercitus
535 1631 689 1675 numerus
712 1608 852 1675 traditus
874 1618 932 1678 est.

130 1717 133 1724 ’
332 1714 434 1780 Ροιιο
458 1713 514 1781 Gr.
538 1712 674 1778 offendit
694 1713 728 1777 in
751 1713 864 1778 verbis
886 1719 916 1796 ξ.
941 1715 999 1779 16:
1023 1715 1211 1802 διηγήσομαι
1232 1716 1268 1780 δὲ
1289 1718 1339 1780 καὶ
1360 1715 1419 1801 τήν
1441 1716 1561 1801 μάχην,
1585 1735 1669 1800 quac
1699 1715 1771 1780 sine
1800 1715 1868 1780 ulla
1896 1738 1995 1782 causa

88 1845 98 1860 ‚
180 1817 268 1884 dicta
288 1823 383 1904 putat
403 1817 685 1900 („unmotiviert“)
708 1835 783 1881 cum
806 1816 909 1882 multa
930 1817 1065 1882 minoris
1088 1817 1244 1907 momenti
1266 1815 1392 1902 proelia
1413 1816 1499 1880 Xon.
1522 1814 1694 1882 rettulerit.
1739 1815 1899 1884 Libenter
1920 1821 2002 1884 con-¹

134 2007 139 2016 ι
180 1919 260 1986 cedo
281 1919 403 1985 nullam
427 1921 570 2008 perspici
593 1941 725 1986 causam
748 1942 807 1985 cur
827 1919 914 1985 Xen.
938 1921 1019 1986 haec
1041 1918 1145 1986 verba
1166 1919 1338 1999 addiderit,
1370 1941 1444 1984 cum
1470 1940 1568 2006 quum
1595 1922 1736 1986 maxime
1765 1922 1879 1986 mirum
1908 1930 1995 1988 esset

178 2023 207 2088 si
229 2021 313 2088 hanc
334 2045 478 2111 pugnam
501 2022 661 2089 illustrem
683 2043 748 2087 non
771 2022 1016 2110 descripsisset:
1040 2025 1087 2090 ita
1110 2034 1219 2089 tamen
1240 2044 1307 2089 non
1329 2023 1495 2109 probatur,
1519 2023 1603 2088 haec
1620 2023 1723 2089 verba
1741 2023 1994 2111 aXenophonte

178 2123 244 2190 alio
266 2125 362 2190 modo
384 2127 505 2212 scripta
526 2127 643 2190 tuisse:
665 2147 773 2212 neque
794 2135 883 2191 recte
905 2136 999 2212 putat
1021 2127 1106 2192 Gr.'
1097 2149 1132 2191 ιιι
1153 2148 1232 2192 vero
1255 2147 1354 2212 opere
1376 2124 1458 2192 haec
1478 2126 1547 2191 fere
1563 2124 1652 2191 dicta
1667 2126 1785 2192 fuisse:
1807 2130 1995 2232 διηγήσομαι

178 2233 214 2298 δὲ
235 2235 285 2296 καὶ
306 2258 365 2318 την
385 2232 496 2317 μάχην
517 2233 564 2311 ὥς
592 2231 839 2317 σαφέστατα,
875 2235 921 2310 οἷς
957 2233 1073 2312 αὐτός
1101 2231 1420 2320 παραγινόμενος
1448 2233 1511 2296 καὶ
1540 2231 1915 2317 συναγωνισάμενος
1943 2236 1996 2298 soi

176 2334 396 2424 Ἀγησιλάῳ
411 2339 467 2414 (ex
489 2332 586 2397 Plut'
598 2333 698 2418 Ages.
723 2334 820 2414 18))
865 2334 948 2399 Nam
972 2317 1157 2422 Xenophon
1179 2354 1356 2421 numquam
1379 2334 1610 2420 semetipsum
1628 2335 1691 2399 aut
1712 2355 1764 2398 res
1786 2355 1866 2421 quas
1892 2301 1994 2420 gessit

178 2435 234 2503 vel
256 2436 374 2524 quibus
396 2434 544 2502 interfuit
566 2457 822 2501 commemorans
844 2438 970 2523 primae
992 2458 1154 2523 personae
1177 2438 1278 2502 utitur
1299 2437 1413 2501 forma.

334 2539 444 2605 Verba
456 2538 685 2624 Xenophontis
699 2544 749 2608 καὶ
762 2543 820 2627 γάρ
834 2542 995 2627 ἔγένιτο“
964 2570 1015 2608 otu
1032 2543 1085 2608 onix
1101 2541 1182 2628 ἄλλη
1201 2547 1280 2608 τῶν
1296 2568 1315 2627 γ
1316 2539 1388 2626 ’ἐφ’
1406 2539 1557 2627 ἡμῶνῖ)
1578 2539 1647 2604 fere
1663 2538 1803 2604 redeunt
1816 2538 1904 2626 apud
1920 2538 1994 2603 Plu.

178 2645 326 2710 tarcbum
349 2645 449 2731 Ages.
474 2643 548 2721 18³)
572 2643 630 2707 sed
653 2652 777 2708 mutata
799 2653 927 2709 tamen:
950 2647 1026 2732 λάγιι
1048 2647 1108 2731 την
1129 2645 1239 2731 μάχην
1260 2648 1278 2710 ὁ
1299 2643 1367 2716 Ξιν.
1389 2644 1506 2729 ἐκείνην
1534 2645 1601 2710 οἷον
1630 2643 1682 2709 οὐκ
1699 2643 1799 2730 ἄλλην
1822 2650 1898 2710 τῶν
1926 2640 1994 2710 πιά-

178 2777 250 2818 ποιι
272 2749 428 2837 γενέσθαι,
451 2768 536 2832 quae
556 2745 661 2810 verba
681 2745 1021 2825 Buechseusohuetn⁴)
1045 2769 1065 2810 a
1085 2744 1261 2811 Plutarcho
1282 2747 1355 2831 ipso
1386 2754 1514 2809 mutata
1541 2744 1621 2809 dicit
1649 2767 1744 2824 „aum
1773 2744 1905 2810 zweche
1935 2743 1993 2808 des

178 2851 431 2936 effects“-quam
454 2860 563 2914 tamen
586 2857 689 2913 artem
718 2847 911 2914 rhetoricam
942 2849 1072 2934 Ephoro
1104 2848 1256 2937 equidem
1289 2847 1470 2914 tribuerim.
1522 2846 1574 2912 Ειι
1614 2848 1701 2913 Plut.
1743 2849 1831 2914 enim
1871 2847 1994 2936 apoph·
2021 2885 2030 2914 ι

179 2955 300 3042 thegni.
323 2977 354 3042 p.
376 2955 485 3036 arca,
509 2974 604 3039 quem
633 2951 739 3018 locum
771 2951 885 3019 laudat
913 2953 950 3018 B.
984 2954 1057 3041 (την
1084 2956 1233 3041 μεγίστην
1253 2954 1380 3040 μάχην,
1401 2950 1443 3032 ὥς
1470 2947 1564 3039 φησίν
1593 2951 1672 3033 Ean,
1701 2951 1856 3020 τῶνκαθ’
1884 2953 1994 3020 ἑαυτοῦ

178 3062 357 3149 γινομένων)
380 3067 470 3124 certo
493 3056 604 3144 colligi
625 3058 752 3143 nequit„
771 3056 981 3122 Plutarchum
1005 3055 1179 3122 Hellenica
1206 3058 1280 3144 ipsa
1300 3077 1452 3143 umquam
1485 3055 1620 3142 legisse:
1650 3079 1693 3122 ex
1723 3055 1886 3142 florilegio
1915 3076 1993 3142 quo·

180 3166 266 3248 dam,
289 3162 398 3252 qualia
420 3160 586 3226 Plutarchi
609 3160 811 3246 temporibus
833 3159 937 3224 multa
957 3159 1140 3239 exstabant,
1162 3181 1236 3223 eum
1256 3151 1433 3244 'sumpsisse
1456 3157 1512 3223 illa
1533 3158 1637 3225 verba
1663 3158 1838 3225 statuerim.

334 3264 561 3352 Xenophontis
576 3285 663 3330 nunc
678 3264 823 3328 narratio
842 3283 915 3327 cum
930 3260 1072 3326 difficilis
1090 3270 1177 3327 esset
1189 3283 1297 3346 neque
1319 3261 1362 3325 ab
1385 3263 1473 3326 omni
1495 3271 1590 3348 parte
1612 3264 1690 3328 satis
1713 3264 1895 3349 perspicua,
1918 3282 1993 3325 cum

179 3373 280 3458 igitur
301 3368 441 3436 libenter
463 3367 621 3434 auxilium
644 3365 778 3432 aliunde
800 3375 996 3452 peteremus,
1020 3387 1083 3452 quo
1106 3365 1209 3452 adjuti
1233 3362 1470 3448 explicaremus
1494 3363 1712 3446 difficultates,
1742 3387 1762 3428 a
1790 3363 1874 3428 Plut
1897 3383 1992 3448 quem

180 3498 223 3540 ex
236 3487 324 3539 'vero
347 3467 565 3560 Xenophonte
587 3472 736 3537 hausisse
758 3470 958 3536 contendunt
980 3471 1118 3536 Grosser
1145 3477 1180 3534 et
1203 3466 1390 3553 Cyprianus
1418 3487 1484 3531 non
1514 3468 1561 3531 ita
1589 3466 1785 3552 adjuvamur
1812 3473 1849 3528 ut
1880 3485 1993 3530 omnes

179 3579 322 3646 rationes
343 3599 476 3665 pugnae
498 3577 576 3641 satis
598 3573 835 3660 intelligamua;
870 3595 978 3662 neque
1000 3595 1114 3638 verum
1143 3579 1193 3637 est
1220 3569 1308 3657 quod
1337 3570 1476 3634 Grosser
1503 3569 1653 3648 affirmat,
1683 3567 1931 3655 Xenophontem
1961 3576 1994 3634 et

181 3680 391 3746 Plutarchum
415 3678 553 3744 alterum
576 3677 619 3742 ab
641 3677 745 3742 altero
769 3675 940 3762 exploro).

335 3781 631 3869 Progrediunturss)
654 3781 768 3867 copiae
791 3777 940 3866 Agesilai
961 3801 981 3843 a
1003 3776 1161 3863 Cephisso
1182 3779 1204 3841 i.
1229 3799 1257 3842 e.
1280 3775 1342 3841 boc
1363 3774 1485 3842 flumen
1507 3797 1528 3840 a
1549 3784 1642 3862 tergo
1671 3774 1851 3855 habentes,
1881 3781 1918 3839 ut
1950 3773 1992 3838 ad

181 3886 352 3952 meridiem
374 3895 568 3984 spectarent,
593 3882 742 3949 Thebani
765 3880 808 3947 ab
831 3880 999 3958 Helicone,
1029 3879 1072 3944 ad
1100 3881 1347 3965 septemtriones
1375 3888 1572 3966 spectantes.
1623 3879 1707 3945 (lum
1737 3887 1875 3963 utraque
1904 3879 1993 3942 acies

342 4025 364 4089 ¹)
383 4023 439 4076 (lur
456 4021 624 4090 epitomator
641 4017 711 4072 haec
729 4017 817 4073 verba
834 4016 929 4070 omisit
946 4017 970 4069 si
987 4016 1017 4069 in
1041 4035 1216 4089 πρωτοτοπιο
1239 4031 1273 4068 ea
1295 4015 1421 4070 invenit?
1455 4015 1617 4084 Respondet
1642 4015 1691 4071 Gr
1717 4013 1736 4065 l.
1767 4012 1784 4069 1
1813 4013 1879 4066 737.
1911 4012 1993 4078 „dem

182 4111 352 4181 epitomator
366 4117 472 4176 posttea
491 4106 567 4160 disse
586 4109 674 4159 wortc
692 4106 761 4157 aicit
779 4105 877 4158 mehr.“

340 4194 363 4264 ²)
381 4195 454 4264 Apte
473 4193 590 4262 conjicit
605 4189 801 4260 Hcrtzbergl.
819 4190 838 4246 1.
856 4205 920 4260 pag.
938 4190 969 4243 91
989 4204 1054 4242 ann.
1073 4187 1190 4257 proelio,
1208 4139 1284 4256 quod
1301 4203 1417 4256 vespere
1435 4187 1508 4241 inter
1526 4183 1675 4240 Tbebanos
1694 4189 1723 4239 et
1740 4183 1901 4252 Agesilaum
1919 4199 1993 4236 com·

182 4284 347 4340 mittebatur
364 4281 539 4336 atrocissimo
558 4283 587 4333 et
605 4278 808 4343 cruentissimo,
827 4277 947 4331 maxime
966 4275 1095 4329 effectum
1112 4291 1174 4328 esse
1191 4277 1224 4326 ut
1241 4277 1331 4326 totam
1357 4271 1431 4326 hanc
1457 4289 1580 4342 pugnam
1606 4270 1801 4341 gravissimam
1831 4269 1918 4324 totius
1950 4268 1994 4323 sui

183 4371 245 4426 aevi
263 4369 370 4423 diceret
386 4363 559 4435 Xenophon;
577 4381 670 4434 neque
687 4365 779 4418 minus
798 4367 863 4431 apte
880 4367 975 4416 monet
992 4359 1208 4430 Xenophontem
1226 4357 1342 4428 proeliis
1360 4358 1397 4412 ad
1422 4356 1600 4420 corinthum,
1624 4355 1661 4410 ad
1684 4354 1819 4424 Leuctra,
1850 4355 1887 4408 ad
1913 4353 1993 4408 Man·

182 4457 289 4512 tineam
306 4451 425 4525 posthac
443 4453 596 4507 commissis
613 4468 670 4504 non
688 4450 870 4504 adfuisse.-
890 4448 938 4502 cfr.
957 4448 989 4501 E.
1008 4445 1106 4514 Gener,
1124 4445 1159 4500 de
1177 4443 1301 4498 tontibus
1318 4444 1354 4498 ad
1371 4443 1496 4512 Agesilai
1514 4442 1661 4497 historiam
1679 4398 1886 4510 pcrtinenlibna
1905 4437 1993 4508 parsi

182 4559 229 4613 pg.
248 4545 323 4600 9.-
343 4539 470 4594 Nitachio
489 4537 517 4602 (l.
536 4537 555 4593 1.
574 4539 601 4602 5)
619 4553 683 4590 cum
701 4535 838 4590 Grossero
857 4535 907 4602 (95,
926 4534 988 4598 743)
1006 4531 1165 4596 affirmanti,
1181 4531 1251 4585 haec
1268 4529 1357 4584 verba
1373 4535 1438 4585 ante
1455 4529 1593 4600 proelium
1611 4527 1782 4583 Leucbeuse
1801 4529 1909 4595 scripta
1933 4541 1992 4579 esse

183 4633 261 4684 recte
278 4627 468 4696 obloquuntur
485 4622 693 4679 Schambachl.
711 4622 729 4674 l.
747 4638 794 4691 pg.
812 4621 854 4686 33,
872 4618 1067 4689 Jnngmannl.
1085 4617 1104 4670 1.
1121 4633 1168 4684 pg.
1188 4619 1246 4684 140,
1263 4615 1459 4685 Breitenhach,
1485 4615 1516 4671 Z.
1541 4614 1574 4670 G.
1600 4613 1643 4669 W
1672 4614 1755 4680 1871,
1785 4615 1911 4666 717-
1943 4609 1992 4663 cir.

185 4715 272 4770 Grote
289 4714 398 4781 history
415 4710 456 4765 IX
473 4713 532 4766 437.
568 4710 655 4777 Plane
674 4707 756 4762 aliam
774 4707 882 4776 profert
899 4705 1067 4760 seutentiam
1086 4701 1120 4758 H.
1139 4701 1284 4756 Beckhaus
1302 4717 1396 4772 propr.
1414 4719 1461 4772 pg.
1479 4703 1504 4757 3.

341 4799 366 4865 ³)
384 4797 469 4866 Quem
487 4795 576 4850 solum
594 4793 812 4863 comperandum
830 4793 907 4862 puto,
925 4807 987 4845 cum
1003 4788 1143 4843 Diodorus
1170 4789 1326 4856 Polyaenus
1351 4787 1504 4842 Frontinus
1528 4785 1673 4841 breviores
1704 4785 1762 4840 sint
1792 4787 1821 4838 et
1852 4797 1995 4853 perpauca

158 4949 164 4958 Ι
184 4891 294 4941 tantum
312 4885 427 4956 propria
444 4885 575 4938 habeant.

343 4975 367 5040 ⁴)
386 4988 449 5026 nov.
468 4987 532 5024 ann.
549 4968 618 5038 phil.
638 4969 697 5034 105,
714 4969 775 5020 354.

343 5061 367 5123 ³)
385 5058 402 5112 1.
421 5057 440 5111 1.
458 5058 521 5112 737;
541 5053 631 5122 „Plut.
650 5052 708 5106 und
726 5051 798 5107 Xen.
815 5048 1040 5118 widcrsprechen
1058 5046 1119 5101 sich
1136 5047 1224 5115 nicht,
1242 5046 1363 5100 sondern
1382 5045 1423 5098 sie
1441 5047 1578 5115 erganzen
1596 5042 1685 5098 sich.“

342 5145 367 5210 ⁶)
385 5142 455 5198 Post
471 5141 617 5197 meridiem
635 5137 744 5192 demum
763 5153 884 5207 pugnam
904 5135 1041 5190 committi
1059 5137 1186 5202 coeptam
1204 5148 1266 5186 esse
1284 5129 1384 5185 statuit
1398 5129 1557 5198 Hertzberg
1574 5128 1592 5186 l.
1610 5128 1629 5182 1
1648 5141 1710 5196 pag.
1729 5127 1781 5180 378
1805 5139 1868 5180 anu.
1896 5125 1947 5177 135
1964 5123 1992 5176 h.

143 5217 158 5292 ,⁸
186 5249 247 5286 cum
266 5229 393 5299 llbchlyo
412 5233 442 5283 et
457 5227 608 5292 Bistonio,
627 5222 809 5295 „geschichte
826 5222 876 5277 des
894 5218 1089 5290 griechischen
1107 5216 1333 5289 Kriegswesena‘*
1350 5233 1396 5286 pg.
1415 5217 1474 5280 158,
1493 5231 1562 5286 quos
1580 5213 1629 5267 ille
1647 5211 1779 5281 sequitur.
