4820 6094
1267 449 1422 551 -aa-

436 679 559 723 caeam.
603 655 791 743 Xenophon
813 649 924 742 igitur,
941 657 1056 744 „omnia
1079 678 1153 720 cum
1176 655 1338 721 rettulerit
1359 653 1506 744 neglexit
1528 665 1651 722 tantum
1676 667 1827 738 accurate
1846 657 1956 724 dicere
1975 679 2094 724 nornen
2118 660 2253 736 Cariae;

436 759 525 848 quod
546 781 664 825 nomen
689 781 762 824 cnm
786 758 937 845 Ephorus
959 757 1141 823 addidisset
1162 757 1355 825 Plutarchus
1376 759 1522 846 praebet,
1546 761 1601 845 qui
1624 760 1757 847 quidem
1780 761 1853 826 Alc.
1876 761 1919 825 35
1947 762 2009 827 hoc
2036 762 2101 827 iter
2133 765 2166 828 in
2191 763 2253 828 Ca·

435 865 518 928 riam
541 847 661 928 factum
692 860 863 927 confundit
890 883 963 926 cum
994 861 1096 926 altero
1119 884 1183 948 quo
1214 861 1345 948 Epheao
1373 862 1555 928 Phocaeam
1585 863 1724 928 tetendit
1756 862 1846 943 Alc,
1877 887 1951 930 oum
1979 865 2058 952 Lya.
2086 866 2108 932 5
2140 869 2252 954 priore

436 961 555 1031 omiaao
577 965 715 1030 alterum
737 973 863 1029 tantum
886 1003 928 1012 —
952 987 995 1030 ex
1018 965 1134 1030 eodem
1157 973 1267 1030 tamen
1290 965 1423 1053 Ephoro
1446 976 1609 1052 sumptum
1640 1005 1684 1016 —
1716 955 1888 1054 praebeat
1935 967 2050 1055 Itaque
2079 992 2145 1036 non
2175 993 2250 1036 cnm

434 1069 770 1136 Buecheenechnetaio
792 1088 894 1146 eumo,
918 1067 1129 1156 Plutarchum
1152 1066 1366 1154 expluribus
1399 1068 1544 1133 fontibus
1573 1068 1777 1155 ccngeeeieee
1799 1069 1985 1156 materiam,
2020 1070 2080 1137 eed
2108 1073 2173 1139 dno
2203 1073 2249 1138 illi

436 1172 500 1238 loci
523 1172 687 1258 conjuncti
711 1193 812 1236 unum
836 1169 1043 1257 eundemque
1056 1170 1205 1264 ⁴probunt
1227 1171 1350 1236 fontem
1373 1171 1505 1236 affinem
1527 1172 1785 1259 Xenophonti.¹)

591 1379 689 1460 Quae
713 1377 755 1443 de
778 1376 955 1464 pugna-ad
976 1377 1109 1442 Notium
1132 1378 1303 1442 commissa
1324 1400 1345 1442 a
1373 1377 1589 1464 Xenophonte
1618 1376 1647 1463 (l
1676 1379 1707 1462 5,
1738 1379 1879 1461 11-14)
1914 1390 1947 1445 et
1980 1379 2157 1447 Plutarcho
2186 1393 2251 1448 tra-

436 1483 556 1548 duntur
579 1480 663 1562 (Alc.
687 1481 746 1560 35;
768 1480 846 1566 Lyn.
870 1481 904 1563 5)
921 1482 993 1567 jam
1016 1481 1044 1545 ei
1068 1480 1313 1546 consideramus
1335 1490 1369 1545 et
1385 1481 1620 1567 comparamus,
1639 1481 1780 1567 primum
1799 1481 1995 1548 monendum
2014 1492 2074 1567 eet,
2094 1484 2250 1552 Antiochi

434 1586 558 1650 nomini
581 1583 670 1670 apud
692 1583 903 1648 Plutarchum
928 1583 1011 1660 (Alc.
1034 1583 1090 1665 35)
1112 1583 1189 1648 addi
1213 1583 1309 1650 haec:
1332 1587 1449 1672 ἀγαθός
1470 1588 1529 1669 μὲν
1556 1581 1599 1672 ἦν
1626 1582 1824 1674 κυβερνήτης,
1852 1587 1982 1672 α’νόητος
2010 1589 2046 1654 δὲ
2068 1585 2168 1656 τᾶλλα
2199 1595 2249 1656 καὶ

434 1692 584 1779 φορτικός,
608 1710 692 1775 quae
718 1693 805 1774 apud
827 1686 1080 1774 Xenophontem
1103 1709 1168 1752 non
1191 1686 1353 1774 leguntur.
1399 1687 1448 1752 Ne
1477 1688 1597 1752 emirea
1627 1687 1669 1751 ab
1694 1691 1908 1774 epitomatore
1938 1697 2096 1777 putentur
2129 1691 2249 1757 Biichs.

433 1803 544 1858 monet
565 1791 668 1875 „talia
690 1793 748 1856 vix
765 1791 860 1877 ¹opud
881 1790 1135 1878 Xenophontem
1158 1790 1265 1871 locum
1287 1783 1411 1856 habere
1434 1811 1528 1876 poene
1551 1793 1604 1856 cui
1628 1792 1756 1879 aptiora
1779 1793 1845 1856 sint
1867 1791 2005 1859 Diodori
2027 1794 2131 1859 verbe
2152 1793 2251 1878 (xm

435 1898 505 1978 tlt:
528 1897 757 1979 όιΓἈντίοχος
778 1894 822 1962 niv
845 1899 886 1987 τῇ
908 1896 995 1979 φύσει
1018 1896 1177 1982 πρόχειρος
1198 1899 1248 1962 καί
1269 1895 1408 1963 σπεόόων
1428 1893 1467 1959 δι’
1488 1895 1598 1962 ἑαυτοῦ
1617 1923 1646 1961 τι
1664 1899 1772 1980 πρᾶξαι
1791 1899 1963 1984 λαμπρόν.“
1993 1896 2156 1984 Equidem
2174 1921 2249 1964 cum

433 2022 498 2065 non
521 1997 703 2085 intelligam
726 2019 785 2062 cur
806 1997 945 2062 Diodori
967 1997 1048 2090 haec
1072 1999 1175 2083 magle
1198 1999 1264 2061 eint
1286 2005 1363 2084 apta
1385 1996 1594 2083 Xenophonti
1617 2018 1714 2083 quam
1736 2019 1821 2086 qnae
1855 1999 1944 2086 apud
1966 1998 2177 2066 Plutarchum
2205 2001 2250 2066 le-

434 2111 562 2188 gantur,
586 2101 722 2180 affirmo,
745 2098 1120 2166 Buecheenechuetaium
1150 2098 1306 2185 colligere
1334 2122 1399 2165 non
1430 2101 1552 2165 debere
1584 2137 1621 2150 -
1652 2099 1688 2164 id
1722 2100 1812 2188 quod
1850 2123 1916 2166 non
1957 2105 2079 2189 apertie
2115 2103 2248 2192 quidem

432 2205 553 2288 verbis,
577 2205 678 2270 tacite
686 2214 807 2268 tamen
831 2204 972 2268 fecit-
1003 2226 1023 2267 a
1051 2201 1226 2268 Plutarcho
1255 2205 1405 2288 antipae
1432 2203 1658 2288 Xenophontis
1680 2202 1792 2269 verbia
1813 2203 1871 2270 illa
1899 2227 1969 2272 esee
1992 2193 2183 2272 addita'aut
2205 2230 2249 2274 ex

433 2307 498 2372 elio
522 2309 610 2374 fonte
633 2315 770 2392 sumpta.
816 2305 1033 2372 statuendum
1054 2308 1164 2393 potius
1187 2315 1245 2388 est,
1269 2307 1302 2372 in
1325 2305 1490 2371 Plutarchi
1513 2308 1617 2390 fonte,
1653 2329 1749 2392 quem
1778 2328 1879 2372 unum
1907 2308 1994 2374 hanc
2020 2331 2163 2396 pugnam
2193 2310 2249 2376 de·

433 2412 577 2476 acribenr
601 2409 657 2474 ille
680 2420 811 2502 aecutue
835 2421 893 2496 eet,
918 2409 997 2474 talia
1020 2409 1168 2475 exhibita
1189 2409 1299 2492 fuisse,
1324 2408 1442 2495 quidue
1465 2408 1592 2474 indoles
1614 2409 1768 2476 Antiochi
1791 2409 2005 2478 describatur.
2032 2412 2095 2477 ,Et
2122 2435 2143 2478 a
2168 2435 2247 2501 qno·

434 2536 510 2579 nam
533 2513 612 2578 talia
634 2512 765 2598 adjecta
787 2535 857 2578 ease
880 2515 988 2599 potius
1011 2513 1205 2578 sumendum
1228 2520 1278 2577 eet
1299 2511 1559 2599 Xenophonteae
1582 2514 1763 2579 narrationi
1785 2535 1882 2600 quam
1905 2515 1948 2580 ab
1971 2513 2127 2602 Ephoro?
2158 2503 2164 2518 ’

587 2616 720 2681 Initium
743 2615 913 2704 pugnandi
933 2615 1020 2682 Plut.
1044 2616 1171 2682 dnobus
1188 2614 1254 2681 illie
1278 2614 1358 2680 locis
1377 2615 1541 2700 simillime
1558 2617 1726 2701 describit,
1749 2638 1823 2682 cum
1842 2621 1926 2682 Xen.
1946 2617 2021 2698 (15,
2046 2620 2098 2704 11)
2116 2619 2248 2686 brevior

432 2720 483 2784 eit.
529 2719 694 2784 Nonnulla
716 2721 785 2785 fere
808 2719 851 2785 ad
873 2720 1010 2785 verbum
1034 2720 1150 2786 eadem
1172 2719 1327 2806 leguntur
1349 2705 1438 2807 apud
1459 2719 1713 2808 Xenophontem
1737 2729 1770 2786 et
1791 2718 2010 2803 Plutarchum,

433 2823 490 2888 cfr.
527 2823 610 2889 Xen.
642 2826 814 2892 ιίιίκπλευσε
846 2827 920 2912 πρός
961 2827 1181 2912 Θρασύβουλον
1215 2827 1312 2904 Luta,
1352 2827 1523 2892 καταλιπων
1551 2829 1600 2890 ἐπί
1628 2833 1695 2903 ταῖς
1733 2827 1837 2892 ναυσίν
1863 2825 2042 2912 Ἀντίοχον,
2070 2827 2124 2893 τόν
2154 2831 2250 2895 αὑτοῦ

641 2931 838 3016 κυβερνήτην.

432 3027 517 3097 Plut.
542 3031 618 3118 Lye.
641 3032 678 3096 5:
701 3037 742 3112 είς
765 3035 909 3100 Φωκαίαν
931 3032 1014 3099 ’Ata
1037 3033 1226 3100 διίκιιλευσεν
1248 3034 1297 3100 ἐπὶ
1319 3036 1373 3098 τοῦ
1396 3031 1505 3097 στόλου
1527 3032 1698 3098 καταλιπων
1713 3031 1875 3116 Ἀντίοχον
1896 3033 1948 3096 τόν
1969 3033 2165 3119 κυβερνήτην.

433 3143 466 3200 et
489 3135 572 3198 Xen.
596 3135 638 3218 (β.
663 3136 732 3214 12J:
755 3139 772 3202 ό
794 3139 829 3203 δὲ
849 3137 1018 3222 Ἀντίοχος,
1040 3143 1082 3228 τῇ
1103 3164 1134 3203 τε
1157 3119 1251 3201 obteri
1273 3137 1323 3221 νηί
1345 3135 1394 3199 καί
1415 3135 1497 3226 άλλη
1518 3137 1552 3200 ἐκ
1580 3137 1696 3202 Νοτίου
1723 3137 1764 3213 εἰς
1792 3136 1845 3200 τόν
1878 3135 1985 3217 λιμένα
2012 3142 2075 3202 τῶν
2100 3137 2246 3221 Ἐφεσίων

569 3241 573 3246 ’
638 3241 810 3319 εἶςπλεόσας
832 3247 895 3307 κτλ.
2080 3227 2085 3246 ’

430 3339 516 3405 Plut.
540 3339 630 3406 Ale:
653 3343 730 3412 ὥστε
753 3345 812 3430 τήν
833 3347 929 3411 ου’τοῦ
948 3343 1196 3430 πληρωσάμενος
1217 3339 1331 3428 τριήρη
1353 3344 1402 3406 καὶ
1424 3347 1486 3408 τῶν
1506 3343 1608 3407 ἄλλων
1628 3343 1705 3424 μίαν
1716 3337 1890 3408 ἐπιπλεῦσαι
1912 3348 1955 3435 τῇ
1968 3341 2091 3436 Ἐφίσηι.

432 3444 527 3531 Lyn:
551 3445 712 3517 ἐπέπλευσε
735 3450 805 3514 δυσί
827 3449 959 3534 τριήρεσι
982 3449 1023 3528 είς
1045 3447 1099 3515 τόν
1121 3447 1227 3529 λιμίνα
1249 3445 1310 3512 τῶν
1331 3445 1482 3529 Ἐφεσίων.

587 3547 770 3615 Paullulum
791 3557 918 3640 tantum
942 3551 1070 3615 variata
1091 3558 1166 3612 eunt
1187 3546 1290 3612 verba
1311 3545 1370 3610 illa
1392 3555 1491 3633 atque
1513 3544 1608 3610 aliter
1629 3543 1798 3627 collocata,
1829 3545 1917 3634 quod
1938 3548 2038 3612 etiam
2059 3548 2244 3614 invenimus

393 3687 399 3696 ‹
431 3650 554 3715 factum
577 3653 611 3714 in
635 3653 681 3715 eia
703 3673 787 3738 quae
814 3659 1010 3738 sequuntur:

430 3753 533 3818 Xentt
556 3754 626 3841 παρ’
649 3757 742 3835 αὐτοῖς
764 3759 819 3835 τάς
840 3757 961 3846 πρῴρας
982 3759 1045 3820 τῶν
1067 3755 1251 3842 Λυσάνδρου
1273 3761 1348 3820 νεῶν
1368 3751 1519 3839 παρίπλεα

430 3857 517 3922 Plut.
540 3857 632 3924 Ale:
654 3857 730 3926 ιόστε
752 3895 796 3906 -
820 3896 859 3907 -
883 3861 965 3945 παρά
986 3861 1040 3939 τάς
1069 3859 1190 3950 πρῴρας
1219 3865 1281 3924 τῶν
1309 3859 1462 3940 πολεμίων
1492 3863 1568 3924 νεῶν
1596 3857 1694 3923 πολλοί
1715 3858 1765 3923 καὶ
1791 3855 1933 3942 πράττων
1959 3859 2008 3923 καί
2036 3861 2244 3947 φθεγγόμενος

636 3963 790 4029 ἀκόλαστα
811 3964 860 4027 καί
881 3963 1050 4047 βωμολόχα
1071 3961 1304 4043 παρεξελαόνειν.

433 4062 516 4128 Plut.
541 4064 637 4151 Lyn:
660 4065 742 4151 παριί
762 4066 816 4131 τόν
837 4067 1037 4149 ναύσταθμον
1058 4066 1164 4152 γέλωτι
1187 4067 1237 4132 καί
1259 4063 1386 4156 πατάγῳ
1407 4063 1565 4151 χριόμενος
1586 4069 1722 4151 σοβαρῶς
1744 4063 1943 4151 παρήλαυνεν.

587 4167 695 4253 Atque
718 4167 817 4232 etiam
840 4188 923 4252 quae
946 4165 1034 4254 apud
1056 4165 1308 4252 Xenophontem
1336 4187 1402 4231 non
1430 4163 1591 4254 leguntur,
1621 4165 1789 4233 Plutarchi
1815 4165 1882 4232 illie
1910 4165 2038 4232 duobue
2059 4165 2140 4234 locie
2169 4190 2243 4236 con·

431 4259 571 4355 gruunti
637 4269 730 4356 hya:
754 4273 926 4358 ἐφυβρίζων
947 4275 996 4339 καί
1018 4273 1253 4358 θρασυνόμενος,

638 4373 728 4439 Ala:
750 4377 883 4461 ἔξόβρισε
907 4381 957 4442 καί
978 4377 1191 4463 κατεφρόνησε.

578 4485 611 4542 ct
632 4477 728 4564 Lyn:
751 4481 857 4565 γίλωτι
880 4483 928 4545 καί
951 4481 1078 4572 πατάγῳ
1100 4481 1258 4567 χριόμενος
1280 4485 1417 4562 σοβαρῶς
1440 4477 1641 4563 παρήλαυνεν.

638 4581 728 4646 Ale:
751 4585 850 4650 πολλά
872 4590 921 4650 καί
943 4586 1148 4670 πράττων-
1174 4621 1210 4632 -
1235 4582 1411 4666 βωμολόχα.

585 4681 667 4747 Inde
690 4704 763 4748 cnm
787 4683 1126 4750 Buecheenechnetzio
1150 4685 1284 4750 dubium
1311 4704 1382 4748 eeae
1405 4703 1470 4746 non
1493 4681 1645 4746 videatur
1667 4683 1789 4746 iontem
1813 4677 1979 4745 Plutarchi
2007 4681 2106 4746 iniere
2135 4683 2241 4768 iprum

429 4785 691 4872 Xenophontem,
714 4785 796 4852 haec
819 4809 903 4873 quae
926 4787 1013 4874 apud
1037 4787 1288 4874 Xenophontem
1318 4808 1382 4851 non
1412 4784 1566 4871 leguntur
1596 4807 1638 4849 ex
1667 4783 1732 4848 alio
1760 4783 1849 4848 fonte
1876 4805 1897 4848 a
1923 4783 2100 4850 Plutarcho
2128 4783 2242 4850 addita

428 4897 531 4973 putat,
554 4887 699 4984 idlquod
721 4887 846 4974 colligit
867 4913 910 4954 ex
931 4891 1072 4958 Pauean.
1095 4889 1145 4956 lx
1168 4890 1220 4973 32,
1244 4889 1264 4955 6
1288 4887 1402 4954 eadem
1423 4887 1613 4974 praebente.
1658 4884 1726 4950 Sed
1746 4883 1922 4950 Plutarcho
1944 4882 2045 4951 molto
2068 4889 2173 4972 aptior
2191 4895 2241 4952 eet

588 5113 612 5181 ¹)
630 5113 675 5167 lta
688 5111 774 5166 etiam
786 5108 924 5181 Krnegeri
936 5112 1077 5167 sententie
1094 5112 1241 5181 refutatur,
1259 5112 1295 5167 ed
1312 5111 1395 5168 Dion.
1413 5113 1472 5180 ³48,
1490 5109 1554 5168 adn.
1573 5111 1624 5165 140
1640 5109 1675 5176 b;
1693 5110 1781 5178 „Gom
1798 5111 1871 5170 Plut.
1888 5111 1950 5169 Alc.
1967 5112 2002 5166 85
2018 5109 2193 5170 Alcibiadem
2209 5113 2240 5168 in

431 5195 541 5252 (teriam
558 5198 716 5268 proiectum
735 5213 796 5254 eree
813 5201 949 5268 narraret,
965 5197 1137 5254 observabat
1153 5199 1180 5252 ei
1197 5197 1269 5254 Xen
1287 5195 1364 5253 Heli.
1380 5197 1394 5253 I
1411 5199 1437 5262 4,
1454 5201 1471 5251 8
1489 5199 1548 5268 eq.“
1569 5227 1597 5238 -
1618 5195 1668 5252 cir.
1685 5195 1805 5253 Virclrer
1820 5197 1840 5254 l.
1857 5198 1876 5253 1.
1895 5198 1938 5267 ul,
1955 5199 1998 5255 to.
2202 5209 2207 5214 '
