4820 6094
1299 548 1453 648 „so—

627 752 724 818 Addo
748 751 888 838 denique
917 773 1061 836 eaquae
1084 751 1300 837 Hippocrates
1330 752 1372 817 ad
1395 749 1543 839 Ephoros
1565 753 1732 838 scripserit
1754 752 1869 818 eadem
1891 752 1988 838 plane
2010 753 2105 822 reddi
2128 777 2224 840 quarn
2245 754 2275 818 in

471 854 558 922 Hell.
582 855 610 934 tl
634 857 669 935 1,
691 857 747 935 23)
769 878 790 919 a
811 852 1004 937 Plutarcho,
1028 877 1071 919 ex
1088 876 1152 939 quo
1175 877 1271 940 quam
1296 856 1476 921 certissime
1499 855 1719 943 colligendum
1749 857 1835 940 est¹)
1865 879 1904 920 ea
1932 855 2035 922 verba
2063 867 2217 922 accurate
2237 857 2275 920 ab

470 959 604 1047 Ephoro
636 982 679 1024 ex
702 957 921 1044 Xenophonte
945 959 1110 1044 exscripta
1138 967 1172 1022 et
1194 956 1368 1023 Plutarcho
1399 960 1520 1024 tradita
1549 981 1631 1026 esse.
1676 959 1773 1040 Quod
1796 969 1903 1024 tamen
1935 960 2028 1023 addit
2049 959 2135 1024 Plus
2167 981 2274 1024 vocem

471 1071 655 1143 λακωνικῶς,
679 1063 766 1148 quod
788 1083 853 1125 non
873 1062 974 1126 tradit
996 1061 1038 1125 ab
1061 1061 1262 1147 Hippocrate
1287 1083 1326 1126 ea
1348 1063 1448 1128 fuisse
1471 1064 1606 1149 scripta,
1638 1062 1726 1149 quod
1755 1063 1876 1127 omittit
1903 1083 2037 1127 monere
2065 1062 2274 1152 interceptam

472 1166 642 1253 epistolam
666 1164 814 1229 Athenas
837 1187 907 1229 esse
929 1165 1059 1230 missam
1081 1203 1125 1214 -
1147 1187 1225 1228 num
1248 1164 1422 1230 Plutarcho
1444 1166 1508 1252 ipsi
1530 1165 1612 1230 haec
1634 1166 1835 1236 tribuamus?

627 1268 739 1356 ltaque
763 1290 836 1333 cum
859 1269 1019 1332 assentiar
1041 1267 1378 1334 Buechsenscbuetaio
1401 1293 1444 1334 ex
1467 1270 1596 1334 diverse
1619 1269 1784 1355 descripta
1805 1291 1917 1355 pugna
1939 1267 2106 1356 Cyzicena
2126 1291 2192 1334 non
2214 1267 2276 1333 col—

472 1371 639 1457 ligendum
662 1393 732 1436 esse
758 1371 931 1436 affirmanti
953 1371 1163 1438 Plutarchum
1186 1375 1368 1459 copiosiore
1387 1371 1614 1458 Xenophontis
1636 1393 1735 1458 opere
1758 1394 1851 1436 usum
1869 1353 1996 1452 'esse²),
2021 1395 2065 1438 ex
2087 1373 2276 1457 comparatis

471 1473 640 1540 Plutarchi
663 1474 801 1539 Diodori
823 1475 1051 1561 Xenophontis
1079 1476 1321 1540 narrationibus
1350 1497 1447 1563 quam
1476 1475 1654 1540 certissime
1683 1475 1780 1540 etiarn
1804 1473 2023 1560 colligendum
2046 1487 2141 1562 puto,
2174 1475 2277 1538 Xeno·

471 1578 627 1665 phontem
656 1582 763 1664 ipsum
792 1600 812 1641 a
835 1576 1008 1642 Plutarcho
1038 1565 1103 1643 non
1134 1579 1237 1663 magis
1267 1601 1363 1667 quam
1393 1601 1413 1642 a
1435 1578 1580 1643 Diodoro
1609 1579 1791 1663 inspectum
1821 1600 1901 1642 esee.
1947 1578 1999 1644 Ah
2029 1579 2091 1644 hoc
2113 1601 2155 1642 ex
2183 1579 2277 1665 plane

472 1682 605 1747 diverso
627 1679 713 1746 fonte
734 1681 852 1746 hausta
873 1691 923 1745 est
945 1683 1050 1746 omnis
1073 1685 1234 1762 narratio,
1264 1683 1306 1748 ab
1330 1681 1384 1746 illo
1407 1705 1450 1746 ex
1472 1681 1619 1769 Ephoro,
1651 1682 1707 1767 qui
1729 1678 1981 1768 Xenophontem
2005 1682 2123 1769 partim
2148 1680 2190 1745 ad
2212 1703 2278 1744 ver-

474 1785 551 1850 bum
574 1785 763 1870 exscripsit,
787 1788 905 1869 partim
929 1786 1073 1850 correxit
1094 1794 1151 1850 aut
1172 1785 1354 1851 correxisse
1376 1785 1440 1850 sibi
1462 1785 1552 1849 visus
1574 1787 1666 1865 est.³)

614 1989 780 2056 1Narratio
809 1988 1036 2076 Xenophontis
1065 1990 1107 2055 de
1137 2000 1232 2076 capta
1261 1989 1414 2076 Byzantii
1443 1991 1525 2054 urbe
1555 1987 1654 2070 (Hell.
1684 1989 1758 2068 13,
1792 1991 1832 2052 14
1846 1988 1955 2068 -22)
1985 1987 2152 2054 nonnullis
2183 1988 2277 2052 rehns

474 2093 635 2180 copiosior
663 2102 714 2158 est
741 2115 839 2179 quam
868 2093 1034 2159 Plutarchi
1063 2093 1148 2175 (Alc.
1172 2095 1245 2178 31),
1277 2104 1313 2159 ut
1341 2093 1398 2158 Gr.
1429 2095 1499 2178 ipse
1529 2092 1731 2176 concedit⁴),
1762 2114 1835 2156 cum
1864 2090 1904 2155 de
1928 2089 2088 2156 Clearcho
2119 2091 2279 2156 harmosta

473 2217 605 2283 prorsus
626 2195 709 2262 nihil
731 2197 819 2281 apud
841 2195 1052 2262 Plutarchum
1075 2197 1238 2282 legamus,
1268 2219 1341 2262 cum
1365 2197 1407 2262 de
1429 2197 1568 2282 receptis
1591 2197 1625 2260 in
1647 2197 1762 2262 urbem
1785 2193 2042 2261 Atheniensibus
2065 2197 2280 2284 Xenophonte

474 2299 606 2364 brevior
633 2301 677 2364 sit
698 2297 903 2364 Plutarchus.
948 2299 1032 2366 Oum
1061 2311 1170 2366 tamen
1199 2300 1272 2365 aliis
1301 2302 1400 2366 rebus
1431 2293 1550 2388 magua
1571 2301 1615 2364 sit
1635 2302 1720 2365 inter
1742 2321 1797 2364 eos
1828 2297 2052 2380 necessitudo,
2082 2299 2139 2365 Gr.
2162 2301 2279 2375 statuit,

475 2402 686 2467 Plutarchum
715 2426 735 2466 a
756 2403 974 2488 Xenophonte
1003 2425 1069 2468 non
1098 2403 1270 2484 recedere,
1301 2413 1334 2468 et
1363 2403 1419 2468 ubi
1441 2403 1597 2469 recedere
1619 2425 1707 2467 nnnc
1729 2402 1894 2480 videatur,
1925 2403 2132 2487 epitomatori
2154 2401 2280 2487 culpam

475 2529 546 2572 esse
568 2507 793 2591 tribuendam,
817 2528 891 2572 cum
914 2507 1067 2587 Buchsa)
1090 2517 1178 2572 recte
1201 2505 1388 2594 intelligens
1410 2506 1569 2574 nonnulla
1589 2516 1656 2602 tarn
1674 2506 1805 2572 diverse
1823 2505 1908 2570 tradi
1926 2505 2015 2592 apud
2033 2505 2280 2592 Xenophontem

475 2621 509 2676 et
537 2609 764 2690 Plutarchum,
794 2618 831 2674 ut
859 2612 901 2675 ab
931 2611 994 2676 hoe
1023 2611 1145 2678 exilio
1175 2613 1290 2678 hausta
1312 2634 1382 2678 esse
1404 2633 1471 2676 non
1493 2621 1642 2697 possent,
1673 2607 1839 2674 nonnullis
1868 2630 1947 2673 vero
1976 2609 2075 2674 rebus
2102 2629 2281 2694 congruere

475 2712 687 2778 Plutarchum
709 2725 742 2778 et
763 2713 947 2779 Diodorum
969 2715 1065 2796 (XIII
1088 2716 1158 2796 67),
1189 2716 1303 2780 horum
1327 2736 1531 2780 communem
1554 2722 1674 2779 statuat
1695 2713 1834 2791 fontem,
1865 2733 2004 2798 eumque
2033 2710 2242 2807 recedentem
2263 2735 2282 2775 a

475 2816 703 2903 Xenophonte.
749 2818 815 2883 Sed
844 2827 1016 2905 utrumque
1045 2819 1161 2885 falsum
1191 2841 1262 2885 esse
1292 2811 1523 2886 contenderim.
1567 2816 1657 2880 luter'
1686 2813 1895 2880 Plutarchum
1925 2815 2012 2878 enirn
2041 2823 2075 2879 et
2101 2813 2282 2880 Diodorum

475 2941 541 2982 non
565 2929 655 2983 tanta
678 2930 729 2984 est
749 2919 972 2999 necessitudo,
1002 2931 1039 2985 ut
1068 2943 1110 2985 ex
1139 2920 1278 2987 diversis
1308 2922 1453 2987 fontibus
1476 2943 1532 2985 eos
1560 2919 1708 2984 hausisse
1731 2918 1829 2982 statui
1843 2925 2009 3004 nequeat:
2038 2939 2104 2983 non
2134 2919 2283 3004 congruit

477 3044 632 3086 numerus
656 3034 822 3108 captorum
853 3021 1217 3109 Peloponnesiorumi),
1251 3045 1324 3088 cum
1348 3022 1446 3090 Diod.
1476 3023 1566 3088 dicat
1595 3045 1651 3088 eos
1680 3021 1722 3086 ad
1750 3023 1945 3109 quingentos
1968 3013 2074 3086 'misse
2104 3024 2158 3107 (εἷς
2180 3051 2288 3089 πεντα-

476 3126 623 3209 κοσίους),
647 3125 731 3192 Plut.
755 3137 834 3192 vero
857 3125 901 3190 ad
921 3136 1083 3192 trecentos
1112 3133 1185 3204 (τῶν
1207 3130 1359 3211 πολεμίων
1380 3130 1448 3208 τούς
1470 3127 1711 3214 περιγενομένους
1733 3123 1804 3192 ὅσον
1826 3129 2012 3210 τριακοσίους
2034 3131 2150 3208 ζῶντας
2171 3125 2287 3208 ἔλαβε),

475 3249 541 3292 non
569 3228 718 3294 nominat
738 3228 837 3295 Diod
869 3250 925 3293 eos
953 3231 1008 3314 qui
1031 3229 1144 3294 urbem
1168 3229 1393 3316 prodiderunt,
1424 3252 1561 3320 quorum
1583 3233 1686 3293 Xan:
1702 3229 1845 3316 quinque
1873 3229 2007 3293 nomina
2034 3228 2135 3294 refert
2157 3228 2198 3312 (ξ.
2221 3227 2287 3308 18),

477 3327 560 3398 Plut.
584 3331 671 3416 du03‘
690 3331 962 3420 deniquepugna
984 3333 1156 3398 commissa
1174 3343 1271 3420 atque
1289 3334 1427 3398 victoria
1444 3341 1609 3421 reportata
1627 3330 1847 3396 diversissime
1869 3332 2056 3398 traduntur:
2078 3330 2178 3395 Diod.
2201 3331 2289 3396 enim

476 3447 586 3500 narrat
608 3459 648 3500 ea
668 3437 739 3501 sola
760 3458 796 3502 re
818 3435 941 3502 factum
964 3460 1036 3502 esse
1058 3446 1094 3502 ut
1110 3437 1327 3502 Athenienses
1348 3438 1517 3502 victoriam
1536 3445 1748 3523 reportarent,
1772 3436 1859 3522 quod
1880 3433 1953 3502 Alc.
1977 3433 2115 3500 salutem
2138 3435 2290 3499 omnibus

477 3538 605 3602 civibus
626 3541 829 3625 promiserit:
861 3543 951 3630 πέρας
969 3545 1022 3609 οὐκ
1043 3543 1082 3608 ἄν
1104 3543 1275 3627 ἐκράτησαν
1297 3541 1326 3608 οἳ
1346 3543 1507 3628 Ἀθηναῖοι
1534 3577 1570 3588 -
1594 3577 1637 3588 -
1659 3543 1686 3606 ιῖ
1706 3541 1755 3626 μή
1775 3541 1867 3606 Ἀλκ.’
1882 3541 2006 3626 ἐκήρυξε
2029 3541 2130 3626 μηδὲν
2150 3540 2289 3625 ἀδίκημα

477 3647 572 3708 ποιεῖν
599 3651 663 3722 τοῖς
692 3647 888 3726 Βυζαντίοις,
916 3666 1013 3730 quam
1043 3653 1174 3708 causam
1204 3645 1362 3709 victoriae
1384 3643 1468 3708 Plut.
1498 3665 1564 3708 non
1593 3643 1731 3729 praebet
1760 3664 1833 3708 cum
1865 3651 1898 3707 et
1926 3645 1997 3730 ipse
2026 3633 2134 3711 tradat
2161 3640 2289 3706 nullum

477 3747 583 3810 civem
615 3768 685 3811 esse
719 3747 943 3812 interfectum:
975 3751 1152 3829 Βυζαντίων
1173 3749 1252 3831 parti
1280 3750 1339 3834 τήν
1367 3750 1477 3835 μάχην
1506 3749 1602 3826 οὐδεὶς
1630 3749 1783 3814 ἀπέθανεν
1811 3745 1874 3812 orid'
1902 3747 2029 3833 ἔφυγεν,
2064 3746 2157 3832 cujus
2179 3756 2291 3812 umen

476 3851 526 3914 rei
555 3848 654 3914 aliam
684 3869 814 3914 causam
843 3851 937 3915 affert
966 3853 1029 3935 (ἐπὶ
1051 3852 1167 3930 τούτοις
1188 3853 1247 3939 γάρ
1268 3855 1354 3930 κτα).
1398 3847 1514 3935 Itaque
1544 3871 1609 3914 uon
1638 3849 1769 3915 videtur
1797 3871 1871 3914 cum
1894 3848 2215 3914 Buechenschuetaio
2247 3848 2291 3916 de

477 3953 640 4019 communi
661 3952 801 4017 Diodori
824 3961 857 4017 ct
879 3951 1044 4018 Plutarchi
1066 3955 1156 4018 fonte
1179 3953 1386 4040 cogitandum
1410 3975 1490 4018 esse.
1733 4027 1738 4039 ι

633 4056 729 4137 Quod
751 4058 785 4120 in
810 4055 896 4122 Hell.
921 4079 1009 4122 nunc
1030 4051 1113 4121 nihil
1136 4057 1257 4144 legitur
1279 4056 1321 4121 ds
1345 4055 1419 4122 dolo
1449 4078 1513 4143 quo
1536 4054 1607 4123 Alc.
1629 4054 1784 4121 fefellerit
1805 4054 2060 4142 Peloponnesios
2082 4053 2232 4121 simulato
2255 4057 2291 4120 in

474 4167 606 4244 portum
629 4161 763 4246 impetn,
786 4160 822 4224 id
842 4160 990 4246 profecto
1013 4183 1085 4225 cum
1106 4161 1264 4226 Grossero
1287 4162 1492 4247 epitomatori
1514 4161 1643 4226 crimini
1661 4160 1740 4225 dare
1758 4181 1936 4248 possemus.
1980 4159 2047 4224 Sed
2062 4181 2174 4246 pugna
2192 4161 2293 4223 etiarn

478 4262 734 4349 aXenophonte
756 4261 852 4328 aliter
872 4285 1005 4350 prorsus
1027 4273 1178 4329 narratur
1200 4285 1296 4350 quarn
1319 4287 1340 4328 a
1356 4263 1530 4329 Plutarcho
1554 4273 1587 4330 et
1603 4263 1761 4330 Diodoro.
1805 4265 1949 4330 Auctore
1967 4263 2055 4328 enim
2073 4261 2294 4350 Xenophonte

636 4455 661 4519 ¹)
679 4454 785 4522 quade
803 4469 834 4508 re
853 4453 885 4508 Β.
903 4453 987 4523 plene
1007 4459 1090 4509 tacet.

636 4545 661 4606 1)
678 4539 758 4594 Idem
772 4539 903 4609 judicans
921 4539 1021 4594 Bttchs.
1039 4539 1106 4595 adI
1125 4545 1148 4606 l,
1169 4541 1201 4594 16
1218 4555 1276 4593 non
1293 4538 1361 4594 satis
1378 4545 1457 4594 recte
1474 4544 1569 4596 tamen
1588 4541 1617 4593 in
1634 4539 1759 4610 ejusdem
1781 4535 1973 4594 hdnotationis
1999 4537 2080 4593 initio
2111 4535 2194 4594 dicit:
2227 4536 2295 4604 „die

477 4624 631 4696 erathlung
648 4625 741 4684 Xen’e
759 4628 805 4691 ist,
823 4624 967 4682 vielleioht
985 4626 1074 4681 durch
1092 4628 1184 4680 ΝιοΙται
1201 4625 1268 4680 oder
1281 4625 1595 4696 auaemmenziehungen
1609 4624 1758 4681 destextes
1768 4622 1957 4679 undeutlich.“
1991 4623 2150 4680 Putaverim
2160 4621 2295 4694 equidem

478 4712 548 4768 satis
564 4713 712 4782 perspicue
730 4712 902 4783 descriptam
918 4730 981 4768 ease
999 4731 1016 4766 a
1033 4711 1222 4781 Xenophonte
1239 4711 1314 4768 hanc
1329 4729 1467 4783 pugnam
1487 4711 1537 4768 cir.
1555 4711 1744 4766 Breitenhach
1770 4711 1806 4766 ad
1830 4710 1848 4763 l.
1879 4711 1955 4766 Aem.
1979 4709 2137 4778 titillatum,
2162 4709 2197 4763 ds
2215 4709 2296 4764 Xen.

477 4800 504 4857 b.
522 4816 564 4870 gr.
582 4802 663 4869 parte
680 4799 783 4867 priora.
811 4801 879 4855 1856
896 4817 959 4871 pag.
978 4801 1021 4867 57,
1038 4797 1103 4854 adn.
1121 4801 1151 4854 7:
1178 4798 1357 4868 „Descriptio
1373 4815 1484 4868 pugnae
1502 4797 1652 4866 Cyzicenae
1676 4797 1752 4867 apud
1775 4795 1990 4866 Xenophontem
2014 4796 2121 4866 optime
2146 4811 2177 4850 se
2204 4795 2298 4849 habet

478 4889 507 4940 et
524 4885 659 4940 falluntur
676 4883 724 4954 qui
742 4900 803 4938 earn
821 4885 1014 4956 corrigendam
1032 4886 1078 4940 vel
1096 4884 1262 4954 explendam
1280 4888 1384 4955 putant
1400 4902 1434 4939 ex
1451 4884 1611 4939 narratione
1629 4883 1744 4938 Diodori
1762 4887 1792 4940 et
1808 4882 1962 4952 Plutarchi,
1979 4882 2076 4952 inepto
2090 4885 2298 4952 strategemate

477 4975 626 5036 exornata,
650 4971 679 5024 ia
704 4990 756 5039 ριιο
773 4973 876 5037 Ephori
893 4965 1023 5026 leuitatem
1047 4974 1204 5027 rhetoricam
1222 4980 1246 5025 ct
1259 4971 1376 5039 pueriles
1392 4972 1512 5042 arquitur
1529 4971 1616 5038 facite
1638 4971 1790 5040 agnoscam*
1808 4999 1841 5011 -
1858 4969 1950 5024 Aliter
1972 4967 2068 5023 (itote.
2085 4965 2155 5022 VIII
2182 4968 2248 5022 163:
2279 4987 2299 5020 ι

478 5057 568 5114 battle
586 5087 619 5099 -
635 5061 688 5112 not
705 5071 773 5126 very
790 5056 960 5124 intelligible
977 5059 1008 5112 in
1025 5059 1062 5112 its
1080 5057 1182 5112 details
1200 5055 1255 5112 and
1273 5055 1431 5126 differently
1450 5055 1601 5112 conceived
1619 5057 1657 5126 by
1674 5073 1726 5111 our
1742 5053 1916 5110 authorities.

636 5145 661 5212 ³)
680 5143 730 5198 cir.
746 5141 936 5196 Breitenbach
953 5143 994 5198 rh.
1013 5161 1085 5198 mus.
1103 5147 1153 5198 607
1173 5159 1215 5211 sq.

635 5231 662 5295 ι)
679 5230 699 5283 l.
717 5229 736 5282 1.
755 5229 814 5293 10⁵,
832 5230 892 5286 731.
1138 5231 1163 5296 ⁵)
1181 5229 1200 5283 t
1218 5229 1237 5282 l.
1256 5229 1308 5283 228
1325 5247 1364 5298 sq.

635 5315 661 5384 ⁶)
679 5315 764 5371 falsus
784 5320 829 5370 cst
845 5314 945 5370 Buchs.
963 5313 1083 5372 eundem
1102 5315 1138 5370 ab
1157 5314 1295 5370 ambobus
1314 5313 1389 5370 tradi
1406 5331 1554 5370 numemm
1570 5313 1719 5371 affirmans
