<?xml version="1.0" encoding="UTF-8"?>
<!DOCTYPE html PUBLIC "-//W3C//DTD XHTML 1.0 Transitional//EN"
    "http://www.w3.org/TR/xhtml1/DTD/xhtml1-transitional.dtd">
<html xmlns="http://www.w3.org/1999/xhtml" xml:lang="en" lang="en">
 <head>
  <title>
</title>
<meta http-equiv="Content-Type" content="text/html;charset=utf-8" />
  <meta name='ocr-system' content='tesseract 3.04.00' />
  <meta name='ocr-capabilities' content='ocr_page ocr_carea ocr_par ocr_line ocrx_word'/>
</head>
<body>
  <div class='ocr_page' id='page_1' title='image "./dexenophontishe00vollgoog/dexenophontishe00vollgoog_0025.png"; bbox 0 0 4820 6094; ppageno 0'>
   <div class='ocr_carea' id='block_1_1' title="bbox 1273 505 1452 639">
    <p class='ocr_par' dir='ltr' id='par_1_1' title="bbox 1273 505 1452 639">
     <span class='ocr_line' id='line_1_1' title="bbox 1273 505 1452 639; baseline 0 -127"><span class='ocrx_word' id='word_1_1' title='bbox 1273 537 1429 639; x_wconf 37' lang='lat' dir='ltr'>A</span> <span class='ocrx_word' id='word_1_2' title='bbox 1449 505 1452 512; x_wconf 86' lang='lat'><strong>.</strong></span> 
     </span>
    </p>
   </div>
   <div class='ocr_carea' id='block_1_2' title="bbox 410 743 2260 3927">
    <p class='ocr_par' dir='ltr' id='par_1_2' title="bbox 446 743 2257 934">
     <span class='ocr_line' id='line_1_2' title="bbox 446 743 2257 833; baseline 0.002 -23"><span class='ocrx_word' id='word_1_3' title='bbox 446 747 493 810; x_wconf 89' lang='lat' dir='ltr'><strong>cis</strong></span> <span class='ocrx_word' id='word_1_4' title='bbox 515 767 581 810; x_wconf 87' lang='lat' dir='ltr'><strong>non</strong></span> <span class='ocrx_word' id='word_1_5' title='bbox 606 745 648 810; x_wconf 84' lang='lat' dir='ltr'><strong>sit</strong></span> <span class='ocrx_word' id='word_1_6' title='bbox 670 744 758 830; x_wconf 91' lang='lat' dir='ltr'><strong>quod</strong></span> <span class='ocrx_word' id='word_1_7' title='bbox 781 765 940 810; x_wconf 89' lang='lat' dir='ltr'><strong>moneam.</strong></span> <span class='ocrx_word' id='word_1_8' title='bbox 986 743 1079 808; x_wconf 89' lang='lat' dir='ltr'><strong>Haeo</strong></span> <span class='ocrx_word' id='word_1_9' title='bbox 1101 753 1257 827; x_wconf 89' lang='lat' dir='ltr'><strong>statuens,</strong></span> <span class='ocrx_word' id='word_1_10' title='bbox 1288 767 1368 831; x_wconf 89' lang='lat' dir='ltr'><strong>quae</strong></span> <span class='ocrx_word' id='word_1_11' title='bbox 1392 746 1489 809; x_wconf 90' lang='lat' dir='ltr'><strong>etiam</strong></span> <span class='ocrx_word' id='word_1_12' title='bbox 1519 745 1631 810; x_wconf 75' lang='lat' dir='ltr'><strong>statuit</strong></span> <span class='ocrx_word' id='word_1_13' title='bbox 1660 743 1783 832; x_wconf 87' lang='lat' dir='ltr'><strong>Campe</strong></span> <span class='ocrx_word' id='word_1_14' title='bbox 1798 747 1826 824; x_wconf 87' lang='lat'><strong>¹)</strong></span> <span class='ocrx_word' id='word_1_15' title='bbox 1865 755 1899 810; x_wconf 91' lang='lat' dir='ltr'><strong>et</strong></span> <span class='ocrx_word' id='word_1_16' title='bbox 1932 769 2017 833; x_wconf 89' lang='lat' dir='ltr'><strong>quae</strong></span> <span class='ocrx_word' id='word_1_17' title='bbox 2046 748 2198 813; x_wconf 71' lang='lat' dir='ltr'><strong>meliora</strong></span> <span class='ocrx_word' id='word_1_18' title='bbox 2210 750 2257 814; x_wconf 86' lang='lat' dir='ltr'><strong>vi·</strong></span> 
     </span>
     <span class='ocr_line' id='line_1_3' title="bbox 447 844 1960 934; baseline 0 -22"><span class='ocrx_word' id='word_1_19' title='bbox 447 848 568 921; x_wconf 89' lang='lat' dir='ltr'><strong>dentur</strong></span> <span class='ocrx_word' id='word_1_20' title='bbox 592 869 688 934; x_wconf 91' lang='lat' dir='ltr'><strong>quam</strong></span> <span class='ocrx_word' id='word_1_21' title='bbox 712 867 795 933; x_wconf 86' lang='lat' dir='ltr'><strong>quae</strong></span> <span class='ocrx_word' id='word_1_22' title='bbox 820 845 948 911; x_wconf 89' lang='lat' dir='ltr'><strong>Haenel</strong></span> <span class='ocrx_word' id='word_1_23' title='bbox 971 847 1097 931; x_wconf 77' lang='lat' dir='ltr'>profert</span> <span class='ocrx_word' id='word_1_24' title='bbox 1111 845 1150 926; x_wconf 84' lang='lat'><strong>²),</strong></span> <span class='ocrx_word' id='word_1_25' title='bbox 1177 844 1380 932; x_wconf 79' lang='lat' dir='ltr'><strong>Cyprianum</strong></span> <span class='ocrx_word' id='word_1_26' title='bbox 1404 849 1485 912; x_wconf 88' lang='lat' dir='ltr'><strong>satis</strong></span> <span class='ocrx_word' id='word_1_27' title='bbox 1507 849 1666 912; x_wconf 73' lang='lat' dir='ltr'><strong>refutasse</strong></span> <span class='ocrx_word' id='word_1_28' title='bbox 1690 848 1769 914; x_wconf 90' lang='lat' dir='ltr'><strong>mihi</strong></span> <span class='ocrx_word' id='word_1_29' title='bbox 1792 849 1960 934; x_wconf 54' lang='lat' dir='ltr'><strong>videant)</strong></span> 
     </span>
    </p>

    <p class='ocr_par' dir='ltr' id='par_1_3' title="bbox 448 949 2256 1141">
     <span class='ocr_line' id='line_1_4' title="bbox 601 949 2256 1037; baseline 0.002 -24"><span class='ocrx_word' id='word_1_30' title='bbox 601 950 640 1013; x_wconf 91' lang='lat' dir='ltr'><strong>In</strong></span> <span class='ocrx_word' id='word_1_31' title='bbox 664 952 712 1014; x_wconf 88' lang='lat' dir='ltr'><strong>eis</strong></span> <span class='ocrx_word' id='word_1_32' title='bbox 730 950 800 1035; x_wconf 89' lang='lat' dir='ltr'><strong>jam</strong></span> <span class='ocrx_word' id='word_1_33' title='bbox 824 966 907 1035; x_wconf 86' lang='lat' dir='ltr'><strong>quae</strong></span> <span class='ocrx_word' id='word_1_34' title='bbox 930 957 1111 1035; x_wconf 89' lang='lat' dir='ltr'><strong>sequuntur</strong></span> <span class='ocrx_word' id='word_1_35' title='bbox 1132 952 1174 1030; x_wconf 63' lang='grc' dir='ltr'><strong>(ξ.</strong></span> <span class='ocrx_word' id='word_1_36' title='bbox 1198 951 1220 1012; x_wconf 84' lang='lat'>5</span> <span class='ocrx_word' id='word_1_37' title='bbox 1242 959 1325 1037; x_wconf 86' lang='lat' dir='ltr'><strong>sqq.)</strong></span> <span class='ocrx_word' id='word_1_38' title='bbox 1348 949 1535 1035; x_wconf 86' lang='lat' dir='ltr'>Xenophon</span> <span class='ocrx_word' id='word_1_39' title='bbox 1565 960 1676 1014; x_wconf 91' lang='lat' dir='ltr'><strong>narrat</strong></span> <span class='ocrx_word' id='word_1_40' title='bbox 1703 950 1912 1016; x_wconf 80' lang='lat' dir='ltr'><strong>Alcibiadem</strong></span> <span class='ocrx_word' id='word_1_41' title='bbox 1943 953 2132 1031; x_wconf 88' lang='lat' dir='ltr'><strong>advenisse,</strong></span> <span class='ocrx_word' id='word_1_42' title='bbox 2165 953 2256 1018; x_wconf 91' lang='lat' dir='ltr'><strong>Pelo·</strong></span> 
     </span>
     <span class='ocr_line' id='line_1_5' title="bbox 448 1047 2083 1141; baseline -0.001 -23"><span class='ocrx_word' id='word_1_43' title='bbox 448 1057 624 1141; x_wconf 88' lang='lat' dir='ltr'><strong>ponnesios</strong></span> <span class='ocrx_word' id='word_1_44' title='bbox 646 1055 729 1117; x_wconf 85' lang='lat' dir='ltr'><strong>mari</strong></span> <span class='ocrx_word' id='word_1_45' title='bbox 751 1054 856 1117; x_wconf 87' lang='lat' dir='ltr'><strong>victos</strong></span> <span class='ocrx_word' id='word_1_46' title='bbox 880 1074 951 1116; x_wconf 89' lang='lat' dir='ltr'><strong>esse</strong></span> <span class='ocrx_word' id='word_1_47' title='bbox 974 1062 1008 1116; x_wconf 91' lang='lat' dir='ltr'><strong>et</strong></span> <span class='ocrx_word' id='word_1_48' title='bbox 1030 1073 1103 1115; x_wconf 92' lang='lat' dir='ltr'><strong>cum</strong></span> <span class='ocrx_word' id='word_1_49' title='bbox 1127 1051 1339 1116; x_wconf 78' lang='lat' dir='ltr'>Pharnabazo</span> <span class='ocrx_word' id='word_1_50' title='bbox 1363 1047 1550 1138; x_wconf 83' lang='lat' dir='ltr'><strong>conjunctos</strong></span> <span class='ocrx_word' id='word_1_51' title='bbox 1572 1061 1660 1117; x_wconf 89' lang='lat' dir='ltr'><strong>terra</strong></span> <span class='ocrx_word' id='word_1_52' title='bbox 1681 1063 1807 1118; x_wconf 90' lang='lat' dir='ltr'><strong>tantum</strong></span> <span class='ocrx_word' id='word_1_53' title='bbox 1829 1077 1864 1118; x_wconf 90' lang='lat' dir='ltr'><strong>se</strong></span> <span class='ocrx_word' id='word_1_54' title='bbox 1887 1054 2083 1119; x_wconf 78' lang='lat' dir='ltr'><strong>defendisse.</strong></span> 
     </span>
    </p>

    <p class='ocr_par' dir='ltr' id='par_1_4' title="bbox 445 1151 2257 2376">
     <span class='ocr_line' id='line_1_6' title="bbox 602 1151 2256 1248; baseline 0.001 -28"><span class='ocrx_word' id='word_1_55' title='bbox 602 1155 699 1220; x_wconf 89' lang='lat' dir='ltr'><strong>Hunc</strong></span> <span class='ocrx_word' id='word_1_56' title='bbox 722 1157 862 1240; x_wconf 89' lang='lat' dir='ltr'><strong>primum</strong></span> <span class='ocrx_word' id='word_1_57' title='bbox 885 1153 992 1222; x_wconf 88' lang='lat' dir='ltr'><strong>locum</strong></span> <span class='ocrx_word' id='word_1_58' title='bbox 1015 1153 1300 1218; x_wconf 82' lang='lat' dir='ltr'><strong>Bueclisensohtita</strong></span> <span class='ocrx_word' id='word_1_59' title='bbox 1323 1157 1629 1248; x_wconf 60' lang='lat' dir='ltr'><strong>tractans⁴latque</strong></span> <span class='ocrx_word' id='word_1_60' title='bbox 1652 1179 1725 1220; x_wconf 90' lang='lat' dir='ltr'><strong>cum</strong></span> <span class='ocrx_word' id='word_1_61' title='bbox 1750 1151 1832 1222; x_wconf 81' lang='lat' dir='ltr'><strong>Plut&#39;.</strong></span> <span class='ocrx_word' id='word_1_62' title='bbox 1859 1156 1930 1222; x_wconf 87' lang='lat' dir='ltr'><strong>Alo.</strong></span> <span class='ocrx_word' id='word_1_63' title='bbox 1954 1159 1996 1222; x_wconf 86' lang='grc'><strong>27</strong></span> <span class='ocrx_word' id='word_1_64' title='bbox 2016 1165 2049 1221; x_wconf 90' lang='lat' dir='ltr'><strong>et</strong></span> <span class='ocrx_word' id='word_1_65' title='bbox 2064 1156 2161 1222; x_wconf 89' lang='lat' dir='ltr'><strong>Diod.</strong></span> <span class='ocrx_word' id='word_1_66' title='bbox 2173 1156 2256 1222; x_wconf 90' lang='lat' dir='ltr'>XIII</span> 
     </span>
     <span class='ocr_line' id='line_1_7' title="bbox 445 1249 2256 1344; baseline 0.001 -21"><span class='ocrx_word' id='word_1_67' title='bbox 445 1259 489 1323; x_wconf 84' lang='grc'><strong>46</strong></span> <span class='ocrx_word' id='word_1_68' title='bbox 512 1259 684 1323; x_wconf 89' lang='lat' dir='ltr'><strong>conferens</strong></span> <span class='ocrx_word' id='word_1_69' title='bbox 707 1258 884 1337; x_wconf 78' lang='lat' dir='ltr'><strong>contendit,</strong></span> <span class='ocrx_word' id='word_1_70' title='bbox 907 1278 973 1334; x_wconf 91' lang='lat' dir='ltr'><strong>non</strong></span> <span class='ocrx_word' id='word_1_71' title='bbox 995 1257 1215 1344; x_wconf 82' lang='lat' dir='ltr'><strong>Xenophonte</strong></span> <span class='ocrx_word' id='word_1_72' title='bbox 1238 1257 1305 1323; x_wconf 89' lang='lat' dir='ltr'><strong>solo</strong></span> <span class='ocrx_word' id='word_1_73' title='bbox 1329 1259 1387 1324; x_wconf 90' lang='lat' dir='ltr'><strong>sed</strong></span> <span class='ocrx_word' id='word_1_74' title='bbox 1410 1256 1473 1324; x_wconf 89' lang='lat' dir='ltr'><strong>alio</strong></span> <span class='ocrx_word' id='word_1_75' title='bbox 1502 1268 1672 1344; x_wconf 86' lang='lat' dir='ltr'><strong>praeterea</strong></span> <span class='ocrx_word' id='word_1_76' title='bbox 1697 1260 1786 1324; x_wconf 88' lang='lat' dir='ltr'><strong>fonte</strong></span> <span class='ocrx_word' id='word_1_77' title='bbox 1813 1249 1921 1324; x_wconf 92' lang='lat' dir='ltr'><strong>usum</strong></span> <span class='ocrx_word' id='word_1_78' title='bbox 1938 1253 2015 1324; x_wconf 83' lang='lat' dir='ltr'><strong>esse&#39;</strong></span> <span class='ocrx_word' id='word_1_79' title='bbox 2029 1260 2256 1342; x_wconf 76' lang='lat' dir='ltr'><strong>Plutarchum3</strong></span> 
     </span>
     <span class='ocr_line' id='line_1_8' title="bbox 447 1360 2256 1448; baseline 0.001 -23"><span class='ocrx_word' id='word_1_80' title='bbox 447 1384 542 1447; x_wconf 88' lang='lat' dir='ltr'><strong>quam</strong></span> <span class='ocrx_word' id='word_1_81' title='bbox 566 1363 763 1426; x_wconf 85' lang='lat' dir='ltr'><strong>sententiam</strong></span> <span class='ocrx_word' id='word_1_82' title='bbox 786 1361 901 1425; x_wconf 87' lang='lat' dir='ltr'><strong>falsam</strong></span> <span class='ocrx_word' id='word_1_83' title='bbox 925 1383 995 1424; x_wconf 87' lang='lat' dir='ltr'><strong>esse</strong></span> <span class='ocrx_word' id='word_1_84' title='bbox 1017 1382 1105 1424; x_wconf 90' lang='lat' dir='ltr'><strong>nunc</strong></span> <span class='ocrx_word' id='word_1_85' title='bbox 1126 1360 1263 1446; x_wconf 86' lang='lat' dir='ltr'><strong>singulis</strong></span> <span class='ocrx_word' id='word_1_86' title='bbox 1286 1362 1532 1427; x_wconf 80' lang='lat' dir='ltr'><strong>considerandis</strong></span> <span class='ocrx_word' id='word_1_87' title='bbox 1560 1363 1755 1447; x_wconf 83' lang='lat' dir='ltr'><strong>probaturus</strong></span> <span class='ocrx_word' id='word_1_88' title='bbox 1777 1385 1859 1430; x_wconf 88' lang='lat' dir='ltr'><strong>sum.</strong></span> <span class='ocrx_word' id='word_1_89' title='bbox 1904 1363 2021 1429; x_wconf 89' lang='lat' dir='ltr'><strong>Verbis</strong></span> <span class='ocrx_word' id='word_1_90' title='bbox 2051 1363 2151 1448; x_wconf 87' lang='lat' dir='ltr'><strong>igitur</strong></span> <span class='ocrx_word' id='word_1_91' title='bbox 2180 1361 2256 1427; x_wconf 91' lang='lat' dir='ltr'><strong>Plu·</strong></span> 
     </span>
     <span class='ocr_line' id='line_1_9' title="bbox 447 1463 2256 1558; baseline 0.001 -30"><span class='ocrx_word' id='word_1_92' title='bbox 447 1464 552 1529; x_wconf 85' lang='lat' dir='ltr'><strong>tarchi</strong></span> <span class='ocrx_word' id='word_1_93' title='bbox 574 1470 614 1546; x_wconf 82' lang='grc' dir='ltr'><strong>εἰς</strong></span> <span class='ocrx_word' id='word_1_94' title='bbox 636 1474 726 1531; x_wconf 80' lang='grc' dir='ltr'>τοῦτο</span> <span class='ocrx_word' id='word_1_95' title='bbox 748 1473 852 1551; x_wconf 82' lang='grc' dir='ltr'><strong><em>καιροῦ</em></strong></span> <span class='ocrx_word' id='word_1_96' title='bbox 874 1466 1021 1551; x_wconf 75' lang='grc' dir='ltr'>συνήνυσε</span> <span class='ocrx_word' id='word_1_97' title='bbox 1045 1464 1262 1552; x_wconf 76' lang='grc' dir='ltr'><strong>[Ἀλκιβιάδης]</strong></span> <span class='ocrx_word' id='word_1_98' title='bbox 1285 1467 1441 1533; x_wconf 76' lang='grc' dir='ltr'>πλέων..</span> <span class='ocrx_word' id='word_1_99' title='bbox 1463 1516 1471 1530; x_wconf 84' lang='grc'><strong>.</strong></span> <span class='ocrx_word' id='word_1_100' title='bbox 1493 1463 1572 1556; x_wconf 79' lang='grc' dir='ltr'><strong>ἒνῷ</strong></span> <span class='ocrx_word' id='word_1_101' title='bbox 1595 1517 1601 1531; x_wconf 94' lang='grc'>.</span> <span class='ocrx_word' id='word_1_102' title='bbox 1624 1469 1757 1552; x_wconf 78' lang='grc' dir='ltr'><strong><em>..ἄχρι</em></strong></span> <span class='ocrx_word' id='word_1_103' title='bbox 1781 1471 1884 1553; x_wconf 78' lang='grc' dir='ltr'>δείλης</span> <span class='ocrx_word' id='word_1_104' title='bbox 1911 1470 2003 1554; x_wconf 73' lang='lat' dir='ltr'><strong>dyeia</strong></span> <span class='ocrx_word' id='word_1_105' title='bbox 2032 1469 2156 1558; x_wconf 77' lang='grc' dir='ltr'>μεγάλῳ</span> <span class='ocrx_word' id='word_1_106' title='bbox 2186 1493 2256 1534; x_wconf 87' lang='grc' dir='ltr'>συν-</span> 
     </span>
     <span class='ocr_line' id='line_1_10' title="bbox 447 1567 2256 1656; baseline -0.002 -21"><span class='ocrx_word' id='word_1_107' title='bbox 447 1571 579 1653; x_wconf 80' lang='grc' dir='ltr'>είχοντο,</span> <span class='ocrx_word' id='word_1_108' title='bbox 602 1569 667 1631; x_wconf 94' lang='lat' dir='ltr'><strong>duo</strong></span> <span class='ocrx_word' id='word_1_109' title='bbox 693 1568 839 1633; x_wconf 87' lang='lat' dir='ltr'><strong>diversos</strong></span> <span class='ocrx_word' id='word_1_110' title='bbox 861 1567 1083 1654; x_wconf 89' lang='lat' dir='ltr'><strong>prodi.fontea</strong></span> <span class='ocrx_word' id='word_1_111' title='bbox 1106 1567 1186 1632; x_wconf 88' lang='lat' dir='ltr'><strong>dicit</strong></span> <span class='ocrx_word' id='word_1_112' title='bbox 1207 1567 1256 1646; x_wconf 74' lang='lat' dir='ltr'><strong>B,</strong></span> <span class='ocrx_word' id='word_1_113' title='bbox 1280 1588 1355 1632; x_wconf 88' lang='lat' dir='ltr'><strong>cum</strong></span> <span class='ocrx_word' id='word_1_114' title='bbox 1376 1569 1412 1630; x_wconf 84' lang='lat' dir='ltr'><strong>in</strong></span> <span class='ocrx_word' id='word_1_115' title='bbox 1435 1588 1499 1631; x_wconf 94' lang='lat' dir='ltr'><strong>uno</strong></span> <span class='ocrx_word' id='word_1_116' title='bbox 1522 1567 1701 1654; x_wconf 88' lang='lat' dir='ltr'><strong>eodemque</strong></span> <span class='ocrx_word' id='word_1_117' title='bbox 1723 1579 1813 1632; x_wconf 90' lang='lat' dir='ltr'><strong>recte</strong></span> <span class='ocrx_word' id='word_1_118' title='bbox 1836 1570 1901 1633; x_wconf 92' lang='lat' dir='ltr'><strong>dici</strong></span> <span class='ocrx_word' id='word_1_119' title='bbox 1925 1579 2066 1656; x_wconf 88' lang='lat' dir='ltr'><strong>nequeat</strong></span> <span class='ocrx_word' id='word_1_120' title='bbox 2088 1591 2148 1649; x_wconf 83' lang='lat' dir='ltr'><strong>,eo</strong></span> <span class='ocrx_word' id='word_1_121' title='bbox 2178 1579 2256 1632; x_wconf 88' lang='lat' dir='ltr'><strong>tem-</strong></span> 
     </span>
     <span class='ocr_line' id='line_1_11' title="bbox 446 1669 2256 1758; baseline 0 -22"><span class='ocrx_word' id='word_1_122' title='bbox 446 1674 536 1758; x_wconf 91' lang='lat' dir='ltr'><strong>poris</strong></span> <span class='ocrx_word' id='word_1_123' title='bbox 558 1682 723 1750; x_wconf 83' lang='lat' dir='ltr'><strong>momento</strong></span> <span class='ocrx_word' id='word_1_124' title='bbox 749 1707 786 1718; x_wconf 90' lang='lat'>-</span> <span class='ocrx_word' id='word_1_125' title='bbox 823 1692 886 1756; x_wconf 93' lang='lat' dir='ltr'><strong>quo</strong></span> <span class='ocrx_word' id='word_1_126' title='bbox 917 1693 1018 1756; x_wconf 89' lang='lat' dir='ltr'><strong>usque</strong></span> <span class='ocrx_word' id='word_1_127' title='bbox 1042 1669 1084 1734; x_wconf 87' lang='lat' dir='ltr'><strong>ad</strong></span> <span class='ocrx_word' id='word_1_128' title='bbox 1106 1693 1278 1756; x_wconf 89' lang='lat' dir='ltr'><strong>vesperum</strong></span> <span class='ocrx_word' id='word_1_129' title='bbox 1302 1672 1516 1756; x_wconf 85' lang='lat' dir='ltr'><strong>pugnarent.“</strong></span> <span class='ocrx_word' id='word_1_130' title='bbox 1562 1671 1628 1736; x_wconf 83' lang='lat' dir='ltr'><strong>Sed</strong></span> <span class='ocrx_word' id='word_1_131' title='bbox 1643 1671 1810 1744; x_wconf 88' lang='lat' dir='ltr'><strong>italocum</strong></span> <span class='ocrx_word' id='word_1_132' title='bbox 1826 1681 1956 1736; x_wconf 87' lang='lat' dir='ltr'><strong>vertens</strong></span> <span class='ocrx_word' id='word_1_133' title='bbox 1969 1672 2008 1739; x_wconf 90' lang='lat' dir='ltr'><strong>B.</strong></span> <span class='ocrx_word' id='word_1_134' title='bbox 2024 1675 2090 1736; x_wconf 90' lang='lat' dir='ltr'><strong>vim</strong></span> <span class='ocrx_word' id='word_1_135' title='bbox 2105 1670 2256 1737; x_wconf 86' lang='lat' dir='ltr'><strong>vocabuli</strong></span> 
     </span>
     <span class='ocr_line' id='line_1_12' title="bbox 446 1773 2256 1862; baseline -0.002 -21"><span class='ocrx_word' id='word_1_136' title='bbox 446 1777 547 1862; x_wconf 84' lang='grc' dir='ltr'><strong><em>καιρός</em></strong></span> <span class='ocrx_word' id='word_1_137' title='bbox 570 1797 635 1838; x_wconf 90' lang='lat' dir='ltr'><strong>non</strong></span> <span class='ocrx_word' id='word_1_138' title='bbox 658 1777 736 1838; x_wconf 90' lang='lat' dir='ltr'><strong>satis</strong></span> <span class='ocrx_word' id='word_1_139' title='bbox 758 1776 846 1839; x_wconf 84' lang='lat' dir='ltr'><strong>recte</strong></span> <span class='ocrx_word' id='word_1_140' title='bbox 870 1774 1023 1856; x_wconf 87' lang='lat' dir='ltr'><strong>reddidit,</strong></span> <span class='ocrx_word' id='word_1_141' title='bbox 1047 1774 1133 1860; x_wconf 93' lang='lat' dir='ltr'><strong>quod</strong></span> <span class='ocrx_word' id='word_1_142' title='bbox 1156 1774 1310 1838; x_wconf 90' lang='lat' dir='ltr'><strong>hocloco</strong></span> <span class='ocrx_word' id='word_1_143' title='bbox 1333 1796 1397 1838; x_wconf 92' lang='lat' dir='ltr'><strong>non</strong></span> <span class='ocrx_word' id='word_1_144' title='bbox 1417 1773 1579 1859; x_wconf 86' lang='lat' dir='ltr'><strong>significat</strong></span> <span class='ocrx_word' id='word_1_145' title='bbox 1596 1777 1772 1860; x_wconf 86' lang='lat' dir='ltr'><strong>„temporis</strong></span> <span class='ocrx_word' id='word_1_146' title='bbox 1791 1782 2012 1839; x_wconf 87' lang='lat' dir='ltr'><strong>momentum“</strong></span> <span class='ocrx_word' id='word_1_147' title='bbox 2031 1774 2089 1839; x_wconf 91' lang='lat' dir='ltr'><strong>sed</strong></span> <span class='ocrx_word' id='word_1_148' title='bbox 2107 1785 2256 1862; x_wconf 90' lang='lat' dir='ltr'><strong>„tempus</strong></span> 
     </span>
     <span class='ocr_line' id='line_1_13' title="bbox 447 1876 2256 1964; baseline 0.002 -24"><span class='ocrx_word' id='word_1_149' title='bbox 447 1881 703 1964; x_wconf 83' lang='lat' dir='ltr'><strong>opportunum“;</strong></span> <span class='ocrx_word' id='word_1_150' title='bbox 727 1879 886 1942; x_wconf 90' lang='lat' dir='ltr'><strong>vertenda</strong></span> <span class='ocrx_word' id='word_1_151' title='bbox 907 1879 1009 1963; x_wconf 86' lang='lat' dir='ltr'><strong>igitur</strong></span> <span class='ocrx_word' id='word_1_152' title='bbox 1030 1887 1106 1942; x_wconf 90' lang='lat' dir='ltr'><strong>sunt</strong></span> <span class='ocrx_word' id='word_1_153' title='bbox 1128 1879 1231 1942; x_wconf 90' lang='lat' dir='ltr'><strong>verba</strong></span> <span class='ocrx_word' id='word_1_154' title='bbox 1252 1876 1420 1942; x_wconf 84' lang='lat' dir='ltr'><strong>Plutarchi</strong></span> <span class='ocrx_word' id='word_1_155' title='bbox 1443 1879 1506 1940; x_wconf 86' lang='lat' dir='ltr'><strong>sic:</strong></span> <span class='ocrx_word' id='word_1_156' title='bbox 1531 1900 1591 1954; x_wconf 91' lang='lat' dir='ltr'><strong>„eo</strong></span> <span class='ocrx_word' id='word_1_157' title='bbox 1614 1889 1759 1964; x_wconf 91' lang='lat' dir='ltr'><strong>tempore</strong></span> <span class='ocrx_word' id='word_1_158' title='bbox 1782 1891 1962 1964; x_wconf 90' lang='lat' dir='ltr'><strong>opportuno</strong></span> <span class='ocrx_word' id='word_1_159' title='bbox 1989 1877 2179 1944; x_wconf 86' lang='lat' dir='ltr'><strong>Alcibiades</strong></span> <span class='ocrx_word' id='word_1_160' title='bbox 2201 1878 2256 1945; x_wconf 90' lang='lat' dir='ltr'><strong>ad·</strong></span> 
     </span>
     <span class='ocr_line' id='line_1_14' title="bbox 446 1980 2256 2070; baseline -0.001 -24"><span class='ocrx_word' id='word_1_161' title='bbox 446 1983 624 2067; x_wconf 86' lang='lat' dir='ltr'><strong>venitque</strong></span> <span class='ocrx_word' id='word_1_162' title='bbox 647 1981 808 2067; x_wconf 89' lang='lat' dir='ltr'><strong>proelium</strong></span> <span class='ocrx_word' id='word_1_163' title='bbox 832 1983 1072 2046; x_wconf 85' lang='lat' dir='ltr'><strong>committentes</strong></span> <span class='ocrx_word' id='word_1_164' title='bbox 1094 1980 1311 2046; x_wconf 82' lang='lat' dir='ltr'><strong>Athenienses</strong></span> <span class='ocrx_word' id='word_1_165' title='bbox 1335 1990 1368 2046; x_wconf 87' lang='lat' dir='ltr'><strong>et</strong></span> <span class='ocrx_word' id='word_1_166' title='bbox 1384 1980 1637 2046; x_wconf 89' lang='lat' dir='ltr'><strong>Lacedaemonii</strong></span> <span class='ocrx_word' id='word_1_167' title='bbox 1661 1981 1703 2045; x_wconf 91' lang='lat' dir='ltr'><strong>ad</strong></span> <span class='ocrx_word' id='word_1_168' title='bbox 1723 2003 1895 2070; x_wconf 85' lang='lat' dir='ltr'><strong>vesperum</strong></span> <span class='ocrx_word' id='word_1_169' title='bbox 1911 2004 2014 2067; x_wconf 88' lang='lat' dir='ltr'><strong>usque</strong></span> <span class='ocrx_word' id='word_1_170' title='bbox 2027 1983 2256 2068; x_wconf 85' lang='lat' dir='ltr'><strong>pugnabant“:</strong></span> 
     </span>
     <span class='ocr_line' id='line_1_15' title="bbox 447 2079 2255 2172; baseline -0.001 -23"><span class='ocrx_word' id='word_1_171' title='bbox 447 2079 531 2172; x_wconf 81' lang='lat' dir='ltr'><strong>quae</strong></span> <span class='ocrx_word' id='word_1_172' title='bbox 555 2086 597 2148; x_wconf 91' lang='lat' dir='ltr'><strong>ab</strong></span> <span class='ocrx_word' id='word_1_173' title='bbox 621 2105 686 2147; x_wconf 91' lang='lat' dir='ltr'><strong>uno</strong></span> <span class='ocrx_word' id='word_1_174' title='bbox 710 2083 889 2169; x_wconf 91' lang='lat' dir='ltr'><strong>eodemque</strong></span> <span class='ocrx_word' id='word_1_175' title='bbox 912 2087 1069 2168; x_wconf 87' lang='lat' dir='ltr'><strong>scriptore</strong></span> <span class='ocrx_word' id='word_1_176' title='bbox 1100 2085 1222 2168; x_wconf 90' lang='lat' dir='ltr'><strong>optime</strong></span> <span class='ocrx_word' id='word_1_177' title='bbox 1252 2083 1456 2169; x_wconf 75' lang='lat' dir='ltr'><strong>dicuntur.⁵)</strong></span> <span class='ocrx_word' id='word_1_178' title='bbox 1501 2085 1652 2150; x_wconf 83' lang='lat' dir='ltr'><strong>Profecto</strong></span> <span class='ocrx_word' id='word_1_179' title='bbox 1680 2107 1745 2150; x_wconf 92' lang='lat' dir='ltr'><strong>non</strong></span> <span class='ocrx_word' id='word_1_180' title='bbox 1768 2085 1920 2170; x_wconf 85' lang='lat' dir='ltr'><strong>leguntur</strong></span> <span class='ocrx_word' id='word_1_181' title='bbox 1942 2085 2023 2150; x_wconf 90' lang='lat' dir='ltr'><strong>haec</strong></span> <span class='ocrx_word' id='word_1_182' title='bbox 2045 2086 2148 2151; x_wconf 89' lang='lat' dir='ltr'><strong>verba</strong></span> <span class='ocrx_word' id='word_1_183' title='bbox 2169 2085 2255 2171; x_wconf 92' lang='lat' dir='ltr'><strong>apud</strong></span> 
     </span>
     <span class='ocr_line' id='line_1_16' title="bbox 446 2185 2257 2276; baseline 0 -25"><span class='ocrx_word' id='word_1_184' title='bbox 446 2187 712 2273; x_wconf 83' lang='lat' dir='ltr'><strong>Xenophontem,</strong></span> <span class='ocrx_word' id='word_1_185' title='bbox 736 2188 791 2272; x_wconf 90' lang='lat' dir='ltr'><strong>qui</strong></span> <span class='ocrx_word' id='word_1_186' title='bbox 814 2186 879 2250; x_wconf 90' lang='lat' dir='ltr'><strong>alio</strong></span> <span class='ocrx_word' id='word_1_187' title='bbox 904 2187 1018 2251; x_wconf 89' lang='lat' dir='ltr'><strong>ordine</strong></span> <span class='ocrx_word' id='word_1_188' title='bbox 1040 2197 1137 2272; x_wconf 88' lang='lat' dir='ltr'><strong>atque</strong></span> <span class='ocrx_word' id='word_1_189' title='bbox 1160 2185 1352 2252; x_wconf 87' lang='lat' dir='ltr'><strong>Plutarchus</strong></span> <span class='ocrx_word' id='word_1_190' title='bbox 1373 2209 1427 2250; x_wconf 91' lang='lat' dir='ltr'><strong>res</strong></span> <span class='ocrx_word' id='word_1_191' title='bbox 1449 2197 1569 2268; x_wconf 83' lang='lat' dir='ltr'><strong>narrat,</strong></span> <span class='ocrx_word' id='word_1_192' title='bbox 1593 2187 1650 2254; x_wconf 92' lang='lat' dir='ltr'><strong>sed</strong></span> <span class='ocrx_word' id='word_1_193' title='bbox 1672 2189 1840 2276; x_wconf 87' lang='lat' dir='ltr'><strong>Ephorum</strong></span> <span class='ocrx_word' id='word_1_194' title='bbox 1864 2191 1910 2254; x_wconf 85' lang='lat' dir='ltr'><strong>ita</strong></span> <span class='ocrx_word' id='word_1_195' title='bbox 1931 2187 2041 2274; x_wconf 89' lang='lat' dir='ltr'><strong>paullo</strong></span> <span class='ocrx_word' id='word_1_196' title='bbox 2069 2191 2257 2256; x_wconf 85' lang='lat' dir='ltr'><strong>immutasse</strong></span> 
     </span>
     <span class='ocr_line' id='line_1_17' title="bbox 447 2289 1284 2376; baseline 0.005 -21"><span class='ocrx_word' id='word_1_197' title='bbox 447 2290 550 2355; x_wconf 84' lang='lat' dir='ltr'><strong>verba</strong></span> <span class='ocrx_word' id='word_1_198' title='bbox 572 2289 799 2374; x_wconf 90' lang='lat' dir='ltr'><strong>Xenophontis</strong></span> <span class='ocrx_word' id='word_1_199' title='bbox 822 2290 936 2376; x_wconf 91' lang='lat' dir='ltr'><strong>quidni</strong></span> <span class='ocrx_word' id='word_1_200' title='bbox 958 2300 1072 2376; x_wconf 88' lang='lat' dir='ltr'><strong>putare</strong></span> <span class='ocrx_word' id='word_1_201' title='bbox 1093 2294 1284 2374; x_wconf 68' lang='lat' dir='ltr'><strong>possumus?</strong></span> 
     </span>
    </p>

    <p class='ocr_par' dir='ltr' id='par_1_5' title="bbox 410 2385 2260 3306">
     <span class='ocr_line' id='line_1_18' title="bbox 536 2385 2257 2482; baseline -0.002 -22"><span class='ocrx_word' id='word_1_202' title='bbox 536 2455 539 2460; x_wconf 83' lang='lat'><strong>.</strong></span> <span class='ocrx_word' id='word_1_203' title='bbox 603 2385 791 2458; x_wconf 84' lang='lat' dir='ltr'><strong>Secundum</strong></span> <span class='ocrx_word' id='word_1_204' title='bbox 814 2403 1042 2479; x_wconf 87' lang='lat' dir='ltr'><strong>argumentum</strong></span> <span class='ocrx_word' id='word_1_205' title='bbox 1066 2394 1103 2458; x_wconf 89' lang='lat' dir='ltr'><strong>B.</strong></span> <span class='ocrx_word' id='word_1_206' title='bbox 1128 2397 1213 2478; x_wconf 87' lang='lat' dir='ltr'><strong>petit</strong></span> <span class='ocrx_word' id='word_1_207' title='bbox 1232 2415 1276 2458; x_wconf 84' lang='lat' dir='ltr'><strong>ex</strong></span> <span class='ocrx_word' id='word_1_208' title='bbox 1296 2391 1433 2456; x_wconf 89' lang='lat' dir='ltr'><strong>vocibus</strong></span> <span class='ocrx_word' id='word_1_209' title='bbox 1455 2397 1531 2460; x_wconf 76' lang='lat' dir='ltr'><strong>aurci</strong></span> <span class='ocrx_word' id='word_1_210' title='bbox 1552 2396 1664 2482; x_wconf 78' lang='grc' dir='ltr'>τύχην,</span> <span class='ocrx_word' id='word_1_211' title='bbox 1693 2395 1814 2481; x_wconf 89' lang='lat' dir='ltr'><strong>quippe</strong></span> <span class='ocrx_word' id='word_1_212' title='bbox 1842 2416 1924 2481; x_wconf 90' lang='lat' dir='ltr'><strong>quae</strong></span> <span class='ocrx_word' id='word_1_213' title='bbox 1953 2404 1987 2457; x_wconf 91' lang='lat' dir='ltr'><strong>et</strong></span> <span class='ocrx_word' id='word_1_214' title='bbox 2015 2394 2104 2480; x_wconf 86' lang='lat' dir='ltr'><strong>apud</strong></span> <span class='ocrx_word' id='word_1_215' title='bbox 2134 2392 2257 2457; x_wconf 86' lang='lat' dir='ltr'><strong>Plutar-</strong></span> 
     </span>
     <span class='ocr_line' id='line_1_19' title="bbox 447 2495 2255 2583; baseline -0.002 -21"><span class='ocrx_word' id='word_1_216' title='bbox 447 2497 545 2562; x_wconf 86' lang='lat' dir='ltr'><strong>chum</strong></span> <span class='ocrx_word' id='word_1_217' title='bbox 568 2495 721 2582; x_wconf 85' lang='lat' dir='ltr'><strong>legantur</strong></span> <span class='ocrx_word' id='word_1_218' title='bbox 744 2508 778 2560; x_wconf 92' lang='lat' dir='ltr'><strong>et</strong></span> <span class='ocrx_word' id='word_1_219' title='bbox 801 2497 888 2583; x_wconf 90' lang='lat' dir='ltr'><strong>apud</strong></span> <span class='ocrx_word' id='word_1_220' title='bbox 911 2497 1009 2562; x_wconf 91' lang='lat' dir='ltr'><strong>Diod.</strong></span> <span class='ocrx_word' id='word_1_221' title='bbox 1032 2496 1114 2560; x_wconf 86' lang='lat' dir='ltr'>XIII</span> <span class='ocrx_word' id='word_1_222' title='bbox 1137 2499 1189 2560; x_wconf 88' lang='grc'><strong>46.</strong></span> <span class='ocrx_word' id='word_1_223' title='bbox 1235 2497 1308 2560; x_wconf 87' lang='lat' dir='ltr'><strong>Non</strong></span> <span class='ocrx_word' id='word_1_224' title='bbox 1331 2497 1415 2582; x_wconf 90' lang='lat' dir='ltr'><strong>fugit</strong></span> <span class='ocrx_word' id='word_1_225' title='bbox 1437 2496 1567 2582; x_wconf 90' lang='lat' dir='ltr'><strong>quidem</strong></span> <span class='ocrx_word' id='word_1_226' title='bbox 1597 2497 1948 2562; x_wconf 84' lang='lat' dir='ltr'><strong>Biichsenschuetzium</strong></span> <span class='ocrx_word' id='word_1_227' title='bbox 1982 2497 2149 2562; x_wconf 86' lang='lat' dir='ltr'><strong>Plutarchi</strong></span> <span class='ocrx_word' id='word_1_228' title='bbox 2177 2497 2255 2560; x_wconf 93' lang='lat' dir='ltr'><strong>Dio·</strong></span> 
     </span>
     <span class='ocr_line' id='line_1_20' title="bbox 447 2598 2257 2686; baseline -0.002 -20"><span class='ocrx_word' id='word_1_229' title='bbox 447 2601 584 2686; x_wconf 90' lang='lat' dir='ltr'><strong>dorique</strong></span> <span class='ocrx_word' id='word_1_230' title='bbox 608 2599 666 2663; x_wconf 92' lang='lat' dir='ltr'><strong>hos</strong></span> <span class='ocrx_word' id='word_1_231' title='bbox 690 2599 770 2664; x_wconf 90' lang='lat' dir='ltr'><strong>duos</strong></span> <span class='ocrx_word' id='word_1_232' title='bbox 793 2599 882 2664; x_wconf 91' lang='lat' dir='ltr'><strong>locos</strong></span> <span class='ocrx_word' id='word_1_233' title='bbox 905 2613 1038 2686; x_wconf 91' lang='lat' dir='ltr'><strong>propter</strong></span> <span class='ocrx_word' id='word_1_234' title='bbox 1060 2621 1212 2684; x_wconf 85' lang='lat' dir='ltr'><strong>magnam</strong></span> <span class='ocrx_word' id='word_1_235' title='bbox 1237 2600 1459 2664; x_wconf 86' lang='lat' dir='ltr'><strong>diversitatem</strong></span> <span class='ocrx_word' id='word_1_236' title='bbox 1482 2602 1622 2665; x_wconf 90' lang='lat' dir='ltr'><strong>conferri</strong></span> <span class='ocrx_word' id='word_1_237' title='bbox 1646 2602 1777 2664; x_wconf 91' lang='lat' dir='ltr'><strong>omnino</strong></span> <span class='ocrx_word' id='word_1_238' title='bbox 1800 2622 1865 2664; x_wconf 92' lang='lat' dir='ltr'><strong>non</strong></span> <span class='ocrx_word' id='word_1_239' title='bbox 1894 2623 2004 2686; x_wconf 89' lang='lat' dir='ltr'><strong>posse,</strong></span> <span class='ocrx_word' id='word_1_240' title='bbox 2035 2598 2122 2686; x_wconf 91' lang='lat' dir='ltr'><strong>quod</strong></span> <span class='ocrx_word' id='word_1_241' title='bbox 2148 2609 2257 2662; x_wconf 87' lang='lat' dir='ltr'><strong>tamen</strong></span> 
     </span>
     <span class='ocr_line' id='line_1_21' title="bbox 447 2695 2257 2790; baseline -0.002 -24"><span class='ocrx_word' id='word_1_242' title='bbox 447 2705 493 2768; x_wconf 89' lang='lat' dir='ltr'><strong>ita</strong></span> <span class='ocrx_word' id='word_1_243' title='bbox 514 2704 623 2788; x_wconf 89' lang='lat' dir='ltr'><strong>rejicit</strong></span> <span class='ocrx_word' id='word_1_244' title='bbox 645 2712 680 2766; x_wconf 90' lang='lat' dir='ltr'><strong>ut</strong></span> <span class='ocrx_word' id='word_1_245' title='bbox 703 2713 823 2766; x_wconf 87' lang='lat' dir='ltr'><strong>statuat</strong></span> <span class='ocrx_word' id='word_1_246' title='bbox 845 2725 866 2765; x_wconf 91' lang='lat' dir='ltr'><strong>a</strong></span> <span class='ocrx_word' id='word_1_247' title='bbox 888 2703 1034 2767; x_wconf 91' lang='lat' dir='ltr'><strong>Diodoro</strong></span> <span class='ocrx_word' id='word_1_248' title='bbox 1057 2704 1154 2767; x_wconf 88' lang='lat' dir='ltr'><strong>fontis</strong></span> <span class='ocrx_word' id='word_1_249' title='bbox 1175 2703 1279 2768; x_wconf 86' lang='lat' dir='ltr'><strong>verba</strong></span> <span class='ocrx_word' id='word_1_250' title='bbox 1301 2724 1365 2766; x_wconf 91' lang='lat' dir='ltr'><strong>non</strong></span> <span class='ocrx_word' id='word_1_251' title='bbox 1388 2713 1540 2768; x_wconf 86' lang='lat' dir='ltr'><strong>accurate</strong></span> <span class='ocrx_word' id='word_1_252' title='bbox 1563 2699 1634 2768; x_wconf 78' lang='lat' dir='ltr'><strong>ease</strong></span> <span class='ocrx_word' id='word_1_253' title='bbox 1656 2704 1794 2768; x_wconf 87' lang='lat' dir='ltr'><strong>reddita.</strong></span> <span class='ocrx_word' id='word_1_254' title='bbox 1842 2702 1908 2767; x_wconf 87' lang='lat' dir='ltr'><strong>Sed</strong></span> <span class='ocrx_word' id='word_1_255' title='bbox 1937 2703 2022 2790; x_wconf 89' lang='lat' dir='ltr'><strong>apud</strong></span> <span class='ocrx_word' id='word_1_256' title='bbox 2048 2695 2257 2766; x_wconf 80' lang='lat' dir='ltr'><strong>Plutarchum</strong></span> 
     </span>
     <span class='ocr_line' id='line_1_22' title="bbox 447 2793 2258 2897; baseline 0 -27"><span class='ocrx_word' id='word_1_257' title='bbox 447 2809 474 2871; x_wconf 91' lang='lat' dir='ltr'><strong>si</strong></span> <span class='ocrx_word' id='word_1_258' title='bbox 496 2806 654 2893; x_wconf 75' lang='lat' dir='ltr'><strong>legImus:</strong></span> <span class='ocrx_word' id='word_1_259' title='bbox 676 2809 871 2893; x_wconf 72' lang='grc' dir='ltr'><strong>Ἀλκιβιάδης</strong></span> <span class='ocrx_word' id='word_1_260' title='bbox 893 2809 986 2874; x_wconf 75' lang='lat' dir='ltr'><strong>aurci</strong></span> <span class='ocrx_word' id='word_1_261' title='bbox 1008 2807 1051 2873; x_wconf 82' lang='grc' dir='ltr'><strong>τιν’</strong></span> <span class='ocrx_word' id='word_1_262' title='bbox 1060 2835 1138 2893; x_wconf 92' lang='grc' dir='ltr'><strong>χην</strong></span> <span class='ocrx_word' id='word_1_263' title='bbox 1160 2811 1201 2887; x_wconf 81' lang='grc' dir='ltr'><strong>εἰς</strong></span> <span class='ocrx_word' id='word_1_264' title='bbox 1223 2815 1313 2874; x_wconf 84' lang='grc' dir='ltr'>τοῦτο</span> <span class='ocrx_word' id='word_1_265' title='bbox 1336 2813 1439 2894; x_wconf 81' lang='grc' dir='ltr'><strong><em>καιροῦ</em></strong></span> <span class='ocrx_word' id='word_1_266' title='bbox 1460 2805 1608 2893; x_wconf 74' lang='grc' dir='ltr'>συνήνυσε</span> <span class='ocrx_word' id='word_1_267' title='bbox 1631 2809 1740 2886; x_wconf 76' lang='grc' dir='ltr'>πλέων,</span> <span class='ocrx_word' id='word_1_268' title='bbox 1762 2811 1795 2873; x_wconf 76' lang='grc' dir='ltr'><strong>ἓν</strong></span> <span class='ocrx_word' id='word_1_269' title='bbox 1817 2804 1843 2897; x_wconf 79' lang='grc' dir='ltr'><em>ᾧ</em></span> <span class='ocrx_word' id='word_1_270' title='bbox 1864 2815 1938 2887; x_wconf 88' lang='grc' dir='ltr'><strong>κτλ,</strong></span> <span class='ocrx_word' id='word_1_271' title='bbox 1965 2806 2054 2893; x_wconf 84' lang='lat' dir='ltr'><strong>apud</strong></span> <span class='ocrx_word' id='word_1_272' title='bbox 2076 2793 2258 2870; x_wconf 85' lang='lat' dir='ltr'><strong>Diodorum</strong></span> 
     </span>
     <span class='ocr_line' id='line_1_23' title="bbox 410 2908 2258 2996; baseline -0.002 -23"><span class='ocrx_word' id='word_1_273' title='bbox 410 2925 413 2930; x_wconf 88' lang='lat'>&#39;</span> <span class='ocrx_word' id='word_1_274' title='bbox 446 2931 542 2973; x_wconf 83' lang='lat' dir='ltr'><strong>vero:</strong></span> <span class='ocrx_word' id='word_1_275' title='bbox 565 2913 646 2977; x_wconf 81' lang='grc' dir='ltr'><strong>Ἀλκ.</strong></span> <span class='ocrx_word' id='word_1_276' title='bbox 669 2911 841 2996; x_wconf 73' lang='grc' dir='ltr'><strong><em>παραδόξως</em></strong></span> <span class='ocrx_word' id='word_1_277' title='bbox 864 2911 1012 2996; x_wconf 76' lang='grc' dir='ltr'>ἐπεφάνη,</span> <span class='ocrx_word' id='word_1_278' title='bbox 1034 2912 1133 2977; x_wconf 78' lang='grc' dir='ltr'>πλέων</span> <span class='ocrx_word' id='word_1_279' title='bbox 1155 2912 1252 2976; x_wconf 74' lang='lat' dir='ltr'><strong>aurci</strong></span> <span class='ocrx_word' id='word_1_280' title='bbox 1274 2911 1400 2996; x_wconf 80' lang='grc' dir='ltr'>τύχην</span> <span class='ocrx_word' id='word_1_281' title='bbox 1422 2912 1464 2989; x_wconf 79' lang='grc' dir='ltr'><strong>εἰς</strong></span> <span class='ocrx_word' id='word_1_282' title='bbox 1484 2912 1719 2996; x_wconf 74' lang='grc' dir='ltr'>Ἑλλήσποντοχ,</span> <span class='ocrx_word' id='word_1_283' title='bbox 1741 2911 1769 2973; x_wconf 84' lang='lat' dir='ltr'><strong>si</strong></span> <span class='ocrx_word' id='word_1_284' title='bbox 1793 2910 1894 2996; x_wconf 69' lang='lat' dir='ltr'><strong>Igitur</strong></span> <span class='ocrx_word' id='word_1_285' title='bbox 1922 2908 2021 2996; x_wconf 89' lang='lat' dir='ltr'><strong>plane</strong></span> <span class='ocrx_word' id='word_1_286' title='bbox 2051 2910 2180 2974; x_wconf 80' lang='lat' dir='ltr'><strong>diversa</strong></span> <span class='ocrx_word' id='word_1_287' title='bbox 2209 2917 2258 2974; x_wconf 79' lang='lat' dir='ltr'><strong>est</strong></span> 
     </span>
     <span class='ocr_line' id='line_1_24' title="bbox 448 3010 2259 3100; baseline -0.001 -25"><span class='ocrx_word' id='word_1_288' title='bbox 448 3010 536 3098; x_wconf 89' lang='lat' dir='ltr'><strong>apud</strong></span> <span class='ocrx_word' id='word_1_289' title='bbox 559 3021 732 3098; x_wconf 89' lang='lat' dir='ltr'><strong>utrumque</strong></span> <span class='ocrx_word' id='word_1_290' title='bbox 755 3014 838 3076; x_wconf 88' lang='lat' dir='ltr'><strong>ratio</strong></span> <span class='ocrx_word' id='word_1_291' title='bbox 862 3013 958 3076; x_wconf 90' lang='lat' dir='ltr'><strong>totius</strong></span> <span class='ocrx_word' id='word_1_292' title='bbox 980 3014 1030 3076; x_wconf 92' lang='lat' dir='ltr'><strong>rei</strong></span> <span class='ocrx_word' id='word_1_293' title='bbox 1053 3019 1261 3098; x_wconf 84' lang='lat' dir='ltr'><strong>(quamquam</strong></span> <span class='ocrx_word' id='word_1_294' title='bbox 1281 3010 1485 3078; x_wconf 88' lang='lat' dir='ltr'><strong>Alcibiadem</strong></span> <span class='ocrx_word' id='word_1_295' title='bbox 1515 3016 1592 3078; x_wconf 78' lang='grc' dir='ltr'><strong>κατιλ</strong></span> <span class='ocrx_word' id='word_1_296' title='bbox 1620 3013 1722 3100; x_wconf 77' lang='grc' dir='ltr'>τύχην</span> <span class='ocrx_word' id='word_1_297' title='bbox 1751 3015 1785 3078; x_wconf 94' lang='lat' dir='ltr'><strong>in</strong></span> <span class='ocrx_word' id='word_1_298' title='bbox 1814 3012 2060 3099; x_wconf 89' lang='lat' dir='ltr'><strong>Hellespontum</strong></span> <span class='ocrx_word' id='word_1_299' title='bbox 2089 3012 2259 3096; x_wconf 81' lang='lat' dir='ltr'><strong>navigasse</strong></span> 
     </span>
     <span class='ocr_line' id='line_1_25' title="bbox 449 3113 2260 3202; baseline 0 -24"><span class='ocrx_word' id='word_1_300' title='bbox 449 3113 566 3179; x_wconf 87' lang='lat' dir='ltr'><strong>falsum</strong></span> <span class='ocrx_word' id='word_1_301' title='bbox 590 3126 680 3178; x_wconf 89' lang='lat' dir='ltr'><strong>recte</strong></span> <span class='ocrx_word' id='word_1_302' title='bbox 705 3115 786 3178; x_wconf 92' lang='lat' dir='ltr'><strong>dicit</strong></span> <span class='ocrx_word' id='word_1_303' title='bbox 810 3113 845 3177; x_wconf 91' lang='lat' dir='ltr'><strong>B.</strong></span> <span class='ocrx_word' id='word_1_304' title='bbox 858 3117 916 3194; x_wconf 71' lang='grc'><strong>6)),</strong></span> <span class='ocrx_word' id='word_1_305' title='bbox 946 3137 1018 3177; x_wconf 87' lang='lat' dir='ltr'><strong>eam</strong></span> <span class='ocrx_word' id='word_1_306' title='bbox 1041 3114 1142 3178; x_wconf 89' lang='lat' dir='ltr'><strong>solam</strong></span> <span class='ocrx_word' id='word_1_307' title='bbox 1166 3114 1208 3179; x_wconf 94' lang='lat' dir='ltr'><strong>ob</strong></span> <span class='ocrx_word' id='word_1_308' title='bbox 1231 3136 1373 3191; x_wconf 88' lang='lat' dir='ltr'><strong>causam,</strong></span> <span class='ocrx_word' id='word_1_309' title='bbox 1397 3116 1484 3199; x_wconf 91' lang='lat' dir='ltr'><strong>quod</strong></span> <span class='ocrx_word' id='word_1_310' title='bbox 1506 3115 1590 3180; x_wconf 89' lang='lat' dir='ltr'><strong>duae</strong></span> <span class='ocrx_word' id='word_1_311' title='bbox 1613 3116 1690 3181; x_wconf 89' lang='lat' dir='ltr'><strong>illae</strong></span> <span class='ocrx_word' id='word_1_312' title='bbox 1714 3138 1811 3182; x_wconf 85' lang='lat' dir='ltr'><strong>voces</strong></span> <span class='ocrx_word' id='word_1_313' title='bbox 1834 3115 1921 3202; x_wconf 89' lang='lat' dir='ltr'><strong>apud</strong></span> <span class='ocrx_word' id='word_1_314' title='bbox 1941 3125 2112 3201; x_wconf 89' lang='lat' dir='ltr'><strong>utrumque</strong></span> <span class='ocrx_word' id='word_1_315' title='bbox 2131 3121 2260 3178; x_wconf 85' lang='lat' dir='ltr'><strong>exstent</strong></span> 
     </span>
     <span class='ocr_line' id='line_1_26' title="bbox 449 3217 1346 3306; baseline -0.001 -23"><span class='ocrx_word' id='word_1_316' title='bbox 449 3217 594 3295; x_wconf 88' lang='lat' dir='ltr'><strong>eaedem,</strong></span> <span class='ocrx_word' id='word_1_317' title='bbox 618 3217 659 3282; x_wconf 91' lang='lat' dir='ltr'><strong>de</strong></span> <span class='ocrx_word' id='word_1_318' title='bbox 683 3219 847 3282; x_wconf 90' lang='lat' dir='ltr'><strong>communi</strong></span> <span class='ocrx_word' id='word_1_319' title='bbox 870 3218 959 3282; x_wconf 91' lang='lat' dir='ltr'><strong>fonte</strong></span> <span class='ocrx_word' id='word_1_320' title='bbox 982 3241 1047 3282; x_wconf 91' lang='lat' dir='ltr'><strong>non</strong></span> <span class='ocrx_word' id='word_1_321' title='bbox 1071 3227 1177 3306; x_wconf 90' lang='lat' dir='ltr'><strong>potest</strong></span> <span class='ocrx_word' id='word_1_322' title='bbox 1200 3219 1346 3303; x_wconf 85' lang='lat' dir='ltr'><strong>cogitari.</strong></span> 
     </span>
    </p>

    <p class='ocr_par' dir='ltr' id='par_1_6' title="bbox 447 3320 2260 3696">
     <span class='ocr_line' id='line_1_27' title="bbox 603 3320 2260 3408; baseline -0.001 -24"><span class='ocrx_word' id='word_1_323' title='bbox 603 3321 695 3384; x_wconf 90' lang='lat' dir='ltr'><strong>Idem</strong></span> <span class='ocrx_word' id='word_1_324' title='bbox 718 3343 796 3386; x_wconf 90' lang='lat' dir='ltr'><strong>vero</strong></span> <span class='ocrx_word' id='word_1_325' title='bbox 818 3321 858 3387; x_wconf 90' lang='lat' dir='ltr'><strong>B.</strong></span> <span class='ocrx_word' id='word_1_326' title='bbox 880 3321 958 3385; x_wconf 93' lang='lat' dir='ltr'><strong>inde</strong></span> <span class='ocrx_word' id='word_1_327' title='bbox 982 3321 1107 3408; x_wconf 84' lang='lat' dir='ltr'><strong>colligit</strong></span> <span class='ocrx_word' id='word_1_328' title='bbox 1130 3321 1216 3408; x_wconf 93' lang='lat' dir='ltr'><strong>quod</strong></span> <span class='ocrx_word' id='word_1_329' title='bbox 1239 3320 1354 3385; x_wconf 90' lang='lat' dir='ltr'><strong>eodem</strong></span> <span class='ocrx_word' id='word_1_330' title='bbox 1388 3320 1483 3385; x_wconf 92' lang='lat' dir='ltr'><strong>modo</strong></span> <span class='ocrx_word' id='word_1_331' title='bbox 1512 3330 1648 3407; x_wconf 89' lang='lat' dir='ltr'><strong>uterque</strong></span> <span class='ocrx_word' id='word_1_332' title='bbox 1677 3329 1788 3384; x_wconf 89' lang='lat' dir='ltr'><strong>narret</strong></span> <span class='ocrx_word' id='word_1_333' title='bbox 1817 3343 1973 3408; x_wconf 90' lang='lat' dir='ltr'><strong>quosnam</strong></span> <span class='ocrx_word' id='word_1_334' title='bbox 2003 3329 2108 3384; x_wconf 89' lang='lat' dir='ltr'><strong>metus</strong></span> <span class='ocrx_word' id='word_1_335' title='bbox 2137 3339 2260 3406; x_wconf 88' lang='lat' dir='ltr'><strong>quasve</strong></span> 
     </span>
     <span class='ocr_line' id='line_1_28' title="bbox 447 3423 2259 3511; baseline -0.003 -22"><span class='ocrx_word' id='word_1_336' title='bbox 447 3427 580 3511; x_wconf 85' lang='lat' dir='ltr'><strong>apesin</strong></span> <span class='ocrx_word' id='word_1_337' title='bbox 602 3424 853 3490; x_wconf 89' lang='lat' dir='ltr'><strong>Atheniensium</strong></span> <span class='ocrx_word' id='word_1_338' title='bbox 878 3435 909 3490; x_wconf 85' lang='lat' dir='ltr'><strong>et</strong></span> <span class='ocrx_word' id='word_1_339' title='bbox 932 3426 1267 3491; x_wconf 88' lang='lat' dir='ltr'><strong>Lacedaemoniorum</strong></span> <span class='ocrx_word' id='word_1_340' title='bbox 1290 3425 1407 3488; x_wconf 90' lang='lat' dir='ltr'><strong>animis</strong></span> <span class='ocrx_word' id='word_1_341' title='bbox 1429 3426 1570 3489; x_wconf 84' lang='lat' dir='ltr'><strong>moverit</strong></span> <span class='ocrx_word' id='word_1_342' title='bbox 1591 3424 1753 3488; x_wconf 88' lang='lat' dir='ltr'><strong>adventus</strong></span> <span class='ocrx_word' id='word_1_343' title='bbox 1776 3423 1967 3488; x_wconf 88' lang='lat' dir='ltr'><strong>Alcibiadis.</strong></span> <span class='ocrx_word' id='word_1_344' title='bbox 2012 3424 2130 3488; x_wconf 91' lang='lat' dir='ltr'><strong>Denuo</strong></span> <span class='ocrx_word' id='word_1_345' title='bbox 2152 3431 2259 3485; x_wconf 89' lang='lat' dir='ltr'><strong>autem</strong></span> 
     </span>
     <span class='ocr_line' id='line_1_29' title="bbox 447 3525 2260 3616; baseline -0.002 -25"><span class='ocrx_word' id='word_1_346' title='bbox 447 3527 535 3591; x_wconf 88' lang='lat' dir='ltr'><strong>idem</strong></span> <span class='ocrx_word' id='word_1_347' title='bbox 561 3530 702 3592; x_wconf 87' lang='lat' dir='ltr'><strong>occurrit</strong></span> <span class='ocrx_word' id='word_1_348' title='bbox 725 3529 812 3615; x_wconf 92' lang='lat' dir='ltr'><strong>quod</strong></span> <span class='ocrx_word' id='word_1_349' title='bbox 835 3551 923 3593; x_wconf 89' lang='lat' dir='ltr'><strong>nunc</strong></span> <span class='ocrx_word' id='word_1_350' title='bbox 945 3531 1050 3616; x_wconf 88' lang='lat' dir='ltr'><strong>ipsum</strong></span> <span class='ocrx_word' id='word_1_351' title='bbox 1074 3531 1225 3610; x_wconf 87' lang='lat' dir='ltr'><strong>vidimus,</strong></span> <span class='ocrx_word' id='word_1_352' title='bbox 1250 3526 1370 3595; x_wconf 88' lang='lat' dir='ltr'><strong>similia</strong></span> <span class='ocrx_word' id='word_1_353' title='bbox 1392 3525 1522 3613; x_wconf 92' lang='lat' dir='ltr'><strong>quidem</strong></span> <span class='ocrx_word' id='word_1_354' title='bbox 1545 3527 1588 3590; x_wconf 90' lang='lat' dir='ltr'><strong>ab</strong></span> <span class='ocrx_word' id='word_1_355' title='bbox 1611 3537 1747 3614; x_wconf 88' lang='lat' dir='ltr'><strong>utroque</strong></span> <span class='ocrx_word' id='word_1_356' title='bbox 1769 3527 1864 3604; x_wconf 74' lang='lat' dir='ltr'><strong>uadi,</strong></span> <span class='ocrx_word' id='word_1_357' title='bbox 1890 3526 2131 3613; x_wconf 90' lang='lat' dir='ltr'><strong>quodammodo</strong></span> <span class='ocrx_word' id='word_1_358' title='bbox 2151 3535 2260 3590; x_wconf 89' lang='lat' dir='ltr'><strong>tamen</strong></span> 
     </span>
     <span class='ocr_line' id='line_1_30' title="bbox 448 3631 1282 3696; baseline -0.004 -2"><span class='ocrx_word' id='word_1_359' title='bbox 448 3633 546 3694; x_wconf 86' lang='lat' dir='ltr'><strong>etiam</strong></span> <span class='ocrx_word' id='word_1_360' title='bbox 571 3633 706 3694; x_wconf 81' lang='lat' dir='ltr'><strong>diversa.</strong></span> <span class='ocrx_word' id='word_1_361' title='bbox 756 3633 839 3696; x_wconf 90' lang='lat' dir='ltr'><strong>Nam</strong></span> <span class='ocrx_word' id='word_1_362' title='bbox 863 3655 935 3696; x_wconf 92' lang='lat' dir='ltr'><strong>cum</strong></span> <span class='ocrx_word' id='word_1_363' title='bbox 959 3631 1049 3696; x_wconf 81' lang='lat' dir='ltr'><strong>dica&#39;t</strong></span> <span class='ocrx_word' id='word_1_364' title='bbox 1072 3632 1282 3696; x_wconf 87' lang='lat' dir='ltr'><strong>Plutarchus:</strong></span> 
     </span>
    </p>

    <p class='ocr_par' dir='ltr' id='par_1_7' title="bbox 656 3719 2260 3927">
     <span class='ocr_line' id='line_1_31' title="bbox 656 3719 2260 3824; baseline -0.001 -24"><span class='ocrx_word' id='word_1_365' title='bbox 656 3737 792 3817; x_wconf 62' lang='grc' dir='ltr'><strong>[Ἁλκιβ]</strong></span> <span class='ocrx_word' id='word_1_366' title='bbox 816 3737 948 3822; x_wconf 80' lang='grc' dir='ltr'><strong>παρέσχε</strong></span> <span class='ocrx_word' id='word_1_367' title='bbox 978 3719 1165 3801; x_wconf 74' lang='grc' dir='ltr'><strong>ἐναντίαν</strong></span> <span class='ocrx_word' id='word_1_368' title='bbox 1194 3735 1287 3812; x_wconf 71' lang='grc' dir='ltr'><strong>δόξαν</strong></span> <span class='ocrx_word' id='word_1_369' title='bbox 1315 3737 1497 3821; x_wconf 79' lang='grc' dir='ltr'><strong><em>α’μφοτέροις</em></strong></span> <span class='ocrx_word' id='word_1_370' title='bbox 1525 3739 1694 3824; x_wconf 78' lang='grc' dir='ltr'><strong>ἐπιφανείς,</strong></span> <span class='ocrx_word' id='word_1_371' title='bbox 1728 3735 1826 3802; x_wconf 76' lang='grc' dir='ltr'>ὥστε</span> <span class='ocrx_word' id='word_1_372' title='bbox 1862 3737 2023 3824; x_wconf 71' lang='grc' dir='ltr'><strong>θαρρεῖν</strong></span> <span class='ocrx_word' id='word_1_373' title='bbox 2061 3737 2133 3818; x_wconf 82' lang='grc' dir='ltr'><strong>μὲν</strong></span> <span class='ocrx_word' id='word_1_374' title='bbox 2172 3736 2260 3812; x_wconf 74' lang='grc' dir='ltr'><strong>τούς</strong></span> 
     </span>
     <span class='ocr_line' id='line_1_32' title="bbox 656 3841 1616 3927; baseline 0.004 -26"><span class='ocrx_word' id='word_1_375' title='bbox 656 3841 892 3922; x_wconf 70' lang='grc' dir='ltr'>πολεμίους,</span> <span class='ocrx_word' id='word_1_376' title='bbox 915 3847 1180 3925; x_wconf 71' lang='grc' dir='ltr'><strong>θορυβεῖσθαι</strong></span> <span class='ocrx_word' id='word_1_377' title='bbox 1203 3843 1245 3907; x_wconf 77' lang='grc' dir='ltr'><strong>δὲ</strong></span> <span class='ocrx_word' id='word_1_378' title='bbox 1262 3843 1351 3920; x_wconf 77' lang='grc' dir='ltr'>τους</span> <span class='ocrx_word' id='word_1_379' title='bbox 1372 3843 1616 3927; x_wconf 78' lang='grc' dir='ltr'>Ἀθηναίους,</span> 
     </span>
    </p>
   </div>
   <div class='ocr_carea' id='block_1_3' title="bbox 448 4093 2263 5022">
    <p class='ocr_par' dir='ltr' id='par_1_8' title="bbox 611 4093 1207 4165">
     <span class='ocr_line' id='line_1_33' title="bbox 611 4093 1207 4165; baseline 0.008 -20"><span class='ocrx_word' id='word_1_380' title='bbox 611 4095 634 4158; x_wconf 87' lang='grc'><strong>1)</strong></span> <span class='ocrx_word' id='word_1_381' title='bbox 653 4094 672 4146; x_wconf 93' lang='lat' dir='ltr'><strong>l.</strong></span> <span class='ocrx_word' id='word_1_382' title='bbox 691 4093 709 4146; x_wconf 94' lang='lat' dir='ltr'><strong>l.</strong></span> <span class='ocrx_word' id='word_1_383' title='bbox 728 4110 775 4162; x_wconf 82' lang='lat' dir='ltr'><strong>pg.</strong></span> <span class='ocrx_word' id='word_1_384' title='bbox 795 4096 828 4147; x_wconf 89' lang='grc'><strong>12</strong></span> <span class='ocrx_word' id='word_1_385' title='bbox 846 4111 909 4147; x_wconf 87' lang='lat' dir='ltr'><strong>ann.</strong></span> <span class='ocrx_word' id='word_1_386' title='bbox 928 4123 960 4136; x_wconf 81' lang='lat'><strong>-·</strong></span> <span class='ocrx_word' id='word_1_387' title='bbox 983 4095 1007 4162; x_wconf 81' lang='lat'><strong>²)</strong></span> <span class='ocrx_word' id='word_1_388' title='bbox 1025 4096 1044 4148; x_wconf 92' lang='grc'><strong>1.</strong></span> <span class='ocrx_word' id='word_1_389' title='bbox 1062 4095 1080 4149; x_wconf 89' lang='lat' dir='ltr'><strong>l.</strong></span> <span class='ocrx_word' id='word_1_390' title='bbox 1098 4113 1147 4165; x_wconf 80' lang='lat' dir='ltr'><strong>pg.</strong></span> <span class='ocrx_word' id='word_1_391' title='bbox 1165 4097 1207 4152; x_wconf 88' lang='grc'><strong>26.</strong></span> 
     </span>
    </p>

    <p class='ocr_par' dir='ltr' id='par_1_9' title="bbox 448 4176 2262 4591">
     <span class='ocr_line' id='line_1_34' title="bbox 606 4176 2262 4252; baseline -0.001 -19"><span class='ocrx_word' id='word_1_392' title='bbox 606 4181 631 4247; x_wconf 83' lang='lat'><strong>³)</strong></span> <span class='ocrx_word' id='word_1_393' title='bbox 651 4181 680 4233; x_wconf 93' lang='lat' dir='ltr'><strong>in</strong></span> <span class='ocrx_word' id='word_1_394' title='bbox 697 4179 755 4234; x_wconf 88' lang='lat' dir='ltr'><strong>fine</strong></span> <span class='ocrx_word' id='word_1_395' title='bbox 773 4180 800 4251; x_wconf 69' lang='lat' dir='ltr'><strong>§i</strong></span> <span class='ocrx_word' id='word_1_396' title='bbox 817 4185 834 4234; x_wconf 79' lang='grc'><strong>4</strong></span> <span class='ocrx_word' id='word_1_397' title='bbox 852 4181 981 4234; x_wconf 86' lang='lat' dir='ltr'><strong>lacunam</strong></span> <span class='ocrx_word' id='word_1_398' title='bbox 1001 4183 1100 4236; x_wconf 86' lang='lat' dir='ltr'><strong>statuit</strong></span> <span class='ocrx_word' id='word_1_399' title='bbox 1118 4183 1146 4236; x_wconf 82' lang='grc'><strong>0.</strong></span> <span class='ocrx_word' id='word_1_400' title='bbox 1166 4183 1198 4238; x_wconf 87' lang='lat' dir='ltr'><strong>G.</strong></span> <span class='ocrx_word' id='word_1_401' title='bbox 1216 4183 1343 4252; x_wconf 79' lang='lat' dir='ltr'><strong>Krueger</strong></span> <span class='ocrx_word' id='word_1_402' title='bbox 1361 4181 1396 4235; x_wconf 89' lang='lat' dir='ltr'><strong>ad</strong></span> <span class='ocrx_word' id='word_1_403' title='bbox 1414 4182 1530 4250; x_wconf 87' lang='lat' dir='ltr'><strong>Dionys.</strong></span> <span class='ocrx_word' id='word_1_404' title='bbox 1547 4183 1606 4245; x_wconf 76' lang='grc'>280,</span> <span class='ocrx_word' id='word_1_405' title='bbox 1634 4183 1759 4249; x_wconf 63' lang='lat' dir='ltr'><strong>ann.‹77‚</strong></span> <span class='ocrx_word' id='word_1_406' title='bbox 1785 4196 1865 4247; x_wconf 87' lang='lat' dir='ltr'><strong>„cum</strong></span> <span class='ocrx_word' id='word_1_407' title='bbox 1885 4185 1984 4234; x_wconf 87' lang='lat' dir='ltr'><strong>auctor</strong></span> <span class='ocrx_word' id='word_1_408' title='bbox 2001 4176 2104 4232; x_wconf 89' lang='lat' dir='ltr'><strong>addere</strong></span> <span class='ocrx_word' id='word_1_409' title='bbox 2132 4178 2262 4232; x_wconf 85' lang='lat' dir='ltr'><strong>debuisse</strong></span> 
     </span>
     <span class='ocr_line' id='line_1_35' title="bbox 448 4263 2262 4337; baseline -0.001 -19"><span class='ocrx_word' id='word_1_410' title='bbox 448 4263 587 4332; x_wconf 82' lang='lat' dir='ltr'><strong>videatur,</strong></span> <span class='ocrx_word' id='word_1_411' title='bbox 606 4265 764 4320; x_wconf 86' lang='lat' dir='ltr'><strong>Mindamm</strong></span> <span class='ocrx_word' id='word_1_412' title='bbox 785 4271 928 4334; x_wconf 85' lang='lat' dir='ltr'><strong>assumpto</strong></span> <span class='ocrx_word' id='word_1_413' title='bbox 947 4265 1050 4321; x_wconf 90' lang='lat' dir='ltr'><strong>Dorieo</strong></span> <span class='ocrx_word' id='word_1_414' title='bbox 1068 4283 1166 4320; x_wconf 82' lang='lat' dir='ltr'><strong>versus</strong></span> <span class='ocrx_word' id='word_1_415' title='bbox 1184 4267 1311 4335; x_wconf 86' lang='lat' dir='ltr'><strong>Abydum</strong></span> <span class='ocrx_word' id='word_1_416' title='bbox 1328 4269 1476 4337; x_wconf 76' lang='lat' dir='ltr'><strong>navlgasae</strong></span> <span class='ocrx_word' id='word_1_417' title='bbox 1493 4268 1658 4336; x_wconf 89' lang='lat' dir='ltr'><strong>hostemque</strong></span> <span class='ocrx_word' id='word_1_418' title='bbox 1676 4265 1712 4318; x_wconf 90' lang='lat' dir='ltr'><strong>ad</strong></span> <span class='ocrx_word' id='word_1_419' title='bbox 1736 4281 1859 4334; x_wconf 81' lang='lat' dir='ltr'><strong>pugnam</strong></span> <span class='ocrx_word' id='word_1_420' title='bbox 1883 4267 2086 4335; x_wconf 78' lang='lat' dir='ltr'><strong>provocasse.“&#39;</strong></span> <span class='ocrx_word' id='word_1_421' title='bbox 2118 4263 2173 4320; x_wconf 84' lang='lat' dir='ltr'><strong>Sed</strong></span> <span class='ocrx_word' id='word_1_422' title='bbox 2197 4265 2262 4318; x_wconf 87' lang='lat' dir='ltr'><strong>talis</strong></span> 
     </span>
     <span class='ocr_line' id='line_1_36' title="bbox 448 4349 2260 4423; baseline -0.002 -18"><span class='ocrx_word' id='word_1_423' title='bbox 448 4352 590 4405; x_wconf 88' lang='lat' dir='ltr'><strong>sententia</strong></span> <span class='ocrx_word' id='word_1_424' title='bbox 608 4351 729 4404; x_wconf 86' lang='lat' dir='ltr'><strong>addatur</strong></span> <span class='ocrx_word' id='word_1_425' title='bbox 746 4368 862 4406; x_wconf 86' lang='lat' dir='ltr'><strong>necesse</strong></span> <span class='ocrx_word' id='word_1_426' title='bbox 880 4369 937 4405; x_wconf 91' lang='lat' dir='ltr'><strong>non</strong></span> <span class='ocrx_word' id='word_1_427' title='bbox 956 4357 1006 4408; x_wconf 91' lang='lat' dir='ltr'><strong>est.</strong></span> <span class='ocrx_word' id='word_1_428' title='bbox 1025 4384 1058 4394; x_wconf 92' lang='lat'><strong>·-</strong></span> <span class='ocrx_word' id='word_1_429' title='bbox 1076 4354 1155 4408; x_wconf 86' lang='lat' dir='ltr'><strong>Aem.</strong></span> <span class='ocrx_word' id='word_1_430' title='bbox 1172 4353 1276 4408; x_wconf 84' lang='lat' dir='ltr'><strong>Miiller</strong></span> <span class='ocrx_word' id='word_1_431' title='bbox 1293 4355 1310 4409; x_wconf 93' lang='grc'><strong>1,</strong></span> <span class='ocrx_word' id='word_1_432' title='bbox 1329 4355 1348 4407; x_wconf 94' lang='grc'><strong>1.</strong></span> <span class='ocrx_word' id='word_1_433' title='bbox 1366 4356 1400 4407; x_wconf 83' lang='grc'><strong>57</strong></span> <span class='ocrx_word' id='word_1_434' title='bbox 1417 4355 1458 4408; x_wconf 90' lang='lat' dir='ltr'><strong>ita</strong></span> <span class='ocrx_word' id='word_1_435' title='bbox 1478 4352 1602 4423; x_wconf 88' lang='lat' dir='ltr'><strong>judicat:</strong></span> <span class='ocrx_word' id='word_1_436' title='bbox 1627 4355 1725 4420; x_wconf 76' lang='lat' dir='ltr'><strong>„scoth</strong></span> <span class='ocrx_word' id='word_1_437' title='bbox 1744 4355 1826 4419; x_wconf 83' lang='grc'>2-8,</span> <span class='ocrx_word' id='word_1_438' title='bbox 1851 4367 1922 4420; x_wconf 88' lang='lat' dir='ltr'><strong>quae</strong></span> <span class='ocrx_word' id='word_1_439' title='bbox 1948 4367 2072 4422; x_wconf 80' lang='lat' dir='ltr'><strong>pugnam</strong></span> <span class='ocrx_word' id='word_1_440' title='bbox 2097 4349 2260 4419; x_wconf 90' lang='lat' dir='ltr'><strong>Abydenam</strong></span> 
     </span>
     <span class='ocr_line' id='line_1_37' title="bbox 448 4436 2262 4508; baseline -0.001 -18"><span class='ocrx_word' id='word_1_441' title='bbox 448 4437 603 4504; x_wconf 89' lang='lat' dir='ltr'><strong>continent,</strong></span> <span class='ocrx_word' id='word_1_442' title='bbox 623 4437 698 4490; x_wconf 87' lang='lat' dir='ltr'><strong>haud</strong></span> <span class='ocrx_word' id='word_1_443' title='bbox 717 4436 801 4492; x_wconf 90' lang='lat' dir='ltr'><strong>dubie</strong></span> <span class='ocrx_word' id='word_1_444' title='bbox 819 4454 889 4490; x_wconf 90' lang='lat' dir='ltr'><strong>sana</strong></span> <span class='ocrx_word' id='word_1_445' title='bbox 905 4441 970 4492; x_wconf 89' lang='lat' dir='ltr'><strong>sunt</strong></span> <span class='ocrx_word' id='word_1_446' title='bbox 987 4437 1143 4492; x_wconf 87' lang='lat' dir='ltr'><strong>habenda.“</strong></span> <span class='ocrx_word' id='word_1_447' title='bbox 1180 4438 1212 4493; x_wconf 90' lang='lat' dir='ltr'><strong>G.</strong></span> <span class='ocrx_word' id='word_1_448' title='bbox 1231 4439 1330 4508; x_wconf 85' lang='lat' dir='ltr'><strong>Meyer</strong></span> <span class='ocrx_word' id='word_1_449' title='bbox 1347 4440 1365 4492; x_wconf 93' lang='grc'><strong>1.</strong></span> <span class='ocrx_word' id='word_1_450' title='bbox 1382 4439 1402 4492; x_wconf 90' lang='grc'><strong>1.</strong></span> <span class='ocrx_word' id='word_1_451' title='bbox 1421 4444 1468 4494; x_wconf 89' lang='lat'><strong>10:</strong></span> <span class='ocrx_word' id='word_1_452' title='bbox 1487 4456 1597 4508; x_wconf 82' lang='lat' dir='ltr'><strong>„pugna</strong></span> <span class='ocrx_word' id='word_1_453' title='bbox 1621 4437 1757 4506; x_wconf 86' lang='lat' dir='ltr'><strong>Abydena</strong></span> <span class='ocrx_word' id='word_1_454' title='bbox 1781 4439 1849 4492; x_wconf 87' lang='lat' dir='ltr'><strong>satis</strong></span> <span class='ocrx_word' id='word_1_455' title='bbox 1873 4436 1995 4491; x_wconf 90' lang='lat' dir='ltr'><strong>dilucide</strong></span> <span class='ocrx_word' id='word_1_456' title='bbox 2020 4441 2050 4490; x_wconf 89' lang='lat' dir='ltr'><strong>et</strong></span> <span class='ocrx_word' id='word_1_457' title='bbox 2073 4437 2184 4504; x_wconf 88' lang='lat' dir='ltr'><strong>copiose</strong></span> <span class='ocrx_word' id='word_1_458' title='bbox 2215 4453 2262 4490; x_wconf 82' lang='lat' dir='ltr'><strong>ex-</strong></span> 
     </span>
     <span class='ocr_line' id='line_1_38' title="bbox 448 4522 596 4591; baseline -0.007 -17"><span class='ocrx_word' id='word_1_459' title='bbox 448 4522 596 4591; x_wconf 85' lang='lat' dir='ltr'><strong>plicatur.“</strong></span> 
     </span>
    </p>

    <p class='ocr_par' dir='ltr' id='par_1_10' title="bbox 448 4607 2263 4762">
     <span class='ocr_line' id='line_1_39' title="bbox 607 4607 2263 4682; baseline 0.001 -23"><span class='ocrx_word' id='word_1_460' title='bbox 607 4610 631 4675; x_wconf 82' lang='lat'><strong>⁴)</strong></span> <span class='ocrx_word' id='word_1_461' title='bbox 650 4625 713 4664; x_wconf 85' lang='lat' dir='ltr'><strong>nov.</strong></span> <span class='ocrx_word' id='word_1_462' title='bbox 732 4607 795 4662; x_wconf 82' lang='lat' dir='ltr'><strong>ann.</strong></span> <span class='ocrx_word' id='word_1_463' title='bbox 816 4611 875 4678; x_wconf 82' lang='grc'>103,</span> <span class='ocrx_word' id='word_1_464' title='bbox 893 4611 945 4664; x_wconf 87' lang='grc'><strong>219</strong></span> <span class='ocrx_word' id='word_1_465' title='bbox 964 4629 1004 4678; x_wconf 91' lang='lat' dir='ltr'><strong>sq.</strong></span> <span class='ocrx_word' id='word_1_466' title='bbox 1022 4641 1057 4652; x_wconf 95' lang='lat'>—</span> <span class='ocrx_word' id='word_1_467' title='bbox 1074 4611 1110 4664; x_wconf 84' lang='lat' dir='ltr'><strong>Ei</strong></span> <span class='ocrx_word' id='word_1_468' title='bbox 1127 4611 1284 4682; x_wconf 83' lang='lat' dir='ltr'><strong>assentitur</strong></span> <span class='ocrx_word' id='word_1_469' title='bbox 1302 4611 1421 4664; x_wconf 87' lang='lat' dir='ltr'><strong>Groaser</strong></span> <span class='ocrx_word' id='word_1_470' title='bbox 1438 4611 1497 4678; x_wconf 85' lang='grc'>105,</span> <span class='ocrx_word' id='word_1_471' title='bbox 1515 4612 1575 4678; x_wconf 82' lang='grc'>725,</span> <span class='ocrx_word' id='word_1_472' title='bbox 1594 4626 1769 4664; x_wconf 89' lang='lat' dir='ltr'><strong>communem</strong></span> <span class='ocrx_word' id='word_1_473' title='bbox 1793 4615 1887 4663; x_wconf 87' lang='lat' dir='ltr'><strong>tamen</strong></span> <span class='ocrx_word' id='word_1_474' title='bbox 1914 4608 2030 4663; x_wconf 89' lang='lat' dir='ltr'><strong>Diodori</strong></span> <span class='ocrx_word' id='word_1_475' title='bbox 2062 4615 2091 4662; x_wconf 90' lang='lat' dir='ltr'><strong>et</strong></span> <span class='ocrx_word' id='word_1_476' title='bbox 2119 4608 2263 4661; x_wconf 86' lang='lat' dir='ltr'><strong>Plutarchi</strong></span> 
     </span>
     <span class='ocr_line' id='line_1_40' title="bbox 448 4691 814 4762; baseline 0.016 -17"><span class='ocrx_word' id='word_1_477' title='bbox 448 4691 555 4747; x_wconf 82' lang='lat' dir='ltr'><strong>fontem</strong></span> <span class='ocrx_word' id='word_1_478' title='bbox 573 4709 630 4746; x_wconf 90' lang='lat' dir='ltr'><strong>non</strong></span> <span class='ocrx_word' id='word_1_479' title='bbox 653 4710 814 4762; x_wconf 85' lang='lat' dir='ltr'><strong>agnoscens.</strong></span> 
     </span>
    </p>

    <p class='ocr_par' dir='ltr' id='par_1_11' title="bbox 448 4779 2263 5022">
     <span class='ocr_line' id='line_1_41' title="bbox 607 4779 2263 4852; baseline -0.001 -18"><span class='ocrx_word' id='word_1_480' title='bbox 607 4781 631 4846; x_wconf 65' lang='grc' dir='ltr'><strong>β)</strong></span> <span class='ocrx_word' id='word_1_481' title='bbox 651 4780 697 4834; x_wconf 85' lang='lat' dir='ltr'><strong>Sic</strong></span> <span class='ocrx_word' id='word_1_482' title='bbox 709 4784 789 4833; x_wconf 89' lang='lat' dir='ltr'><strong>recte</strong></span> <span class='ocrx_word' id='word_1_483' title='bbox 806 4779 842 4834; x_wconf 87' lang='lat' dir='ltr'><strong>de</strong></span> <span class='ocrx_word' id='word_1_484' title='bbox 861 4781 915 4834; x_wconf 87' lang='lat' dir='ltr'><strong>hoo</strong></span> <span class='ocrx_word' id='word_1_485' title='bbox 932 4782 995 4834; x_wconf 91' lang='lat' dir='ltr'><strong>loco</strong></span> <span class='ocrx_word' id='word_1_486' title='bbox 1013 4783 1072 4852; x_wconf 80' lang='lat' dir='ltr'><strong>agit</strong></span> <span class='ocrx_word' id='word_1_487' title='bbox 1091 4781 1216 4846; x_wconf 86' lang='lat' dir='ltr'><strong>Grosser,</strong></span> <span class='ocrx_word' id='word_1_488' title='bbox 1235 4798 1300 4835; x_wconf 80' lang='lat' dir='ltr'><strong>nos.</strong></span> <span class='ocrx_word' id='word_1_489' title='bbox 1319 4799 1382 4838; x_wconf 90' lang='lat' dir='ltr'><strong>ann.</strong></span> <span class='ocrx_word' id='word_1_490' title='bbox 1403 4783 1460 4849; x_wconf 82' lang='grc'>105,</span> <span class='ocrx_word' id='word_1_491' title='bbox 1479 4783 1529 4836; x_wconf 88' lang='grc'><strong>727</strong></span> <span class='ocrx_word' id='word_1_492' title='bbox 1548 4799 1595 4849; x_wconf 74' lang='lat' dir='ltr'><strong>sq,</strong></span> <span class='ocrx_word' id='word_1_493' title='bbox 1613 4781 1661 4849; x_wconf 89' lang='lat' dir='ltr'><strong>qui</strong></span> <span class='ocrx_word' id='word_1_494' title='bbox 1679 4785 1772 4834; x_wconf 85' lang='lat' dir='ltr'><strong>temen</strong></span> <span class='ocrx_word' id='word_1_495' title='bbox 1800 4796 1949 4848; x_wconf 87' lang='lat' dir='ltr'><strong>quaerens:</strong></span> <span class='ocrx_word' id='word_1_496' title='bbox 1975 4797 2098 4848; x_wconf 81' lang='lat' dir='ltr'><strong>„warum</strong></span> <span class='ocrx_word' id='word_1_497' title='bbox 2122 4779 2198 4834; x_wconf 88' lang='lat' dir='ltr'><strong>kann</strong></span> <span class='ocrx_word' id='word_1_498' title='bbox 2222 4780 2263 4842; x_wconf 77' lang='grc' dir='ltr'><strong>εἰς</strong></span> 
     </span>
     <span class='ocr_line' id='line_1_42' title="bbox 448 4866 2262 4938; baseline -0.002 -17"><span class='ocrx_word' id='word_1_499' title='bbox 448 4873 533 4922; x_wconf 80' lang='grc' dir='ltr'>τοῦτο</span> <span class='ocrx_word' id='word_1_500' title='bbox 549 4873 647 4938; x_wconf 79' lang='grc' dir='ltr'><strong>καιροῦ</strong></span> <span class='ocrx_word' id='word_1_501' title='bbox 666 4866 745 4919; x_wconf 87' lang='lat' dir='ltr'><strong>nicht</strong></span> <span class='ocrx_word' id='word_1_502' title='bbox 764 4866 808 4920; x_wconf 86' lang='lat' dir='ltr'><strong>bei</strong></span> <span class='ocrx_word' id='word_1_503' title='bbox 828 4867 985 4936; x_wconf 88' lang='lat' dir='ltr'><strong>Xenophon</strong></span> <span class='ocrx_word' id='word_1_504' title='bbox 1003 4869 1157 4936; x_wconf 77' lang='lat' dir='ltr'><strong>gestanden</strong></span> <span class='ocrx_word' id='word_1_505' title='bbox 1176 4867 1306 4922; x_wconf 84' lang='lat' dir='ltr'><strong>haben‘?“</strong></span> <span class='ocrx_word' id='word_1_506' title='bbox 1331 4884 1387 4921; x_wconf 92' lang='lat' dir='ltr'><strong>non</strong></span> <span class='ocrx_word' id='word_1_507' title='bbox 1410 4871 1488 4921; x_wconf 86' lang='lat' dir='ltr'><strong>recte</strong></span> <span class='ocrx_word' id='word_1_508' title='bbox 1511 4869 1626 4938; x_wconf 87' lang='lat' dir='ltr'><strong>quaerit.</strong></span> <span class='ocrx_word' id='word_1_509' title='bbox 1669 4870 1775 4920; x_wconf 71' lang='lat' dir='ltr'><strong>Poscant</strong></span> <span class='ocrx_word' id='word_1_510' title='bbox 1806 4866 1931 4934; x_wconf 84' lang='lat' dir='ltr'><strong>profecto</strong></span> <span class='ocrx_word' id='word_1_511' title='bbox 1958 4866 2027 4919; x_wconf 80' lang='lat' dir='ltr'><strong>haec</strong></span> <span class='ocrx_word' id='word_1_512' title='bbox 2054 4867 2141 4920; x_wconf 86' lang='lat' dir='ltr'><strong>verba</strong></span> <span class='ocrx_word' id='word_1_513' title='bbox 2170 4867 2262 4919; x_wconf 88' lang='lat' dir='ltr'><strong>locum</strong></span> 
     </span>
     <span class='ocr_line' id='line_1_43' title="bbox 448 4952 2263 5022; baseline 0 -16"><span class='ocrx_word' id='word_1_514' title='bbox 448 4952 552 5008; x_wconf 87' lang='lat' dir='ltr'><strong>habere</strong></span> <span class='ocrx_word' id='word_1_515' title='bbox 572 4953 646 5022; x_wconf 85' lang='lat' dir='ltr'><strong>apud</strong></span> <span class='ocrx_word' id='word_1_516' title='bbox 664 4953 890 5022; x_wconf 89' lang='lat' dir='ltr'><strong>Xenophontem,</strong></span> <span class='ocrx_word' id='word_1_517' title='bbox 906 4974 1041 5021; x_wconf 77' lang='lat' dir='ltr'><strong>possamus</strong></span> <span class='ocrx_word' id='word_1_518' title='bbox 1059 4956 1153 5022; x_wconf 89' lang='lat' dir='ltr'><strong>etiam,</strong></span> <span class='ocrx_word' id='word_1_519' title='bbox 1172 4955 1196 5008; x_wconf 91' lang='lat' dir='ltr'><strong>si</strong></span> <span class='ocrx_word' id='word_1_520' title='bbox 1214 4955 1349 5022; x_wconf 84' lang='lat' dir='ltr'><strong>volumus,</strong></span> <span class='ocrx_word' id='word_1_521' title='bbox 1369 4971 1479 5008; x_wconf 89' lang='lat' dir='ltr'><strong>sumere</strong></span> <span class='ocrx_word' id='word_1_522' title='bbox 1496 4954 1565 5008; x_wconf 88' lang='lat' dir='ltr'><strong>haec</strong></span> <span class='ocrx_word' id='word_1_523' title='bbox 1582 4953 1669 5007; x_wconf 88' lang='lat' dir='ltr'><strong>verba</strong></span> <span class='ocrx_word' id='word_1_524' title='bbox 1686 4953 1812 5021; x_wconf 87' lang='lat' dir='ltr'><strong>profecto</strong></span> <span class='ocrx_word' id='word_1_525' title='bbox 1829 4969 1847 5004; x_wconf 88' lang='lat' dir='ltr'><strong>a</strong></span> <span class='ocrx_word' id='word_1_526' title='bbox 1863 4953 2051 5020; x_wconf 86' lang='lat' dir='ltr'><strong>Xenophonte</strong></span> <span class='ocrx_word' id='word_1_527' title='bbox 2069 4953 2175 5020; x_wconf 90' lang='lat' dir='ltr'><strong>scripta</strong></span> <span class='ocrx_word' id='word_1_528' title='bbox 2192 4969 2263 5019; x_wconf 86' lang='lat' dir='ltr'><strong>esse,</strong></span> 
     </span>
    </p>
   </div>
   <div class='ocr_carea' id='block_1_4' title="bbox 356 5029 2263 5112">
    <p class='ocr_par' dir='ltr' id='par_1_12' title="bbox 356 5029 2263 5112">
     <span class='ocr_line' id='line_1_44' title="bbox 356 5029 2263 5112; baseline -0.004 -14"><span class='ocrx_word' id='word_1_529' title='bbox 356 5087 362 5098; x_wconf 92' lang='lat'><strong>.</strong></span> <span class='ocrx_word' id='word_1_530' title='bbox 449 5041 713 5109; x_wconf 78' lang='lat' dir='ltr'><strong>sedrererasairre</strong></span> <span class='ocrx_word' id='word_1_531' title='bbox 733 5039 891 5108; x_wconf 79' lang='lat' dir='ltr'><strong>asscripta</strong></span> <span class='ocrx_word' id='word_1_532' title='bbox 910 5041 1157 5112; x_wconf 76' lang='lat' dir='ltr'><strong>abilloetsuieac</strong></span> <span class='ocrx_word' id='word_1_533' title='bbox 1183 5041 1286 5095; x_wconf 86' lang='lat' dir='ltr'><strong>omissa</strong></span> <span class='ocrx_word' id='word_1_534' title='bbox 1312 5040 1348 5094; x_wconf 88' lang='lat' dir='ltr'><strong>ab</strong></span> <span class='ocrx_word' id='word_1_535' title='bbox 1374 5029 1557 5110; x_wconf 78' lang='lat' dir='ltr'><strong>epftomators</strong></span> <span class='ocrx_word' id='word_1_536' title='bbox 1581 5039 1684 5093; x_wconf 86' lang='lat' dir='ltr'><strong>talibus</strong></span> <span class='ocrx_word' id='word_1_537' title='bbox 1715 5039 1896 5108; x_wconf 82' lang='lat' dir='ltr'><strong>interrogatis</strong></span> <span class='ocrx_word' id='word_1_538' title='bbox 1928 5054 1983 5092; x_wconf 91' lang='lat' dir='ltr'><strong>non</strong></span> <span class='ocrx_word' id='word_1_539' title='bbox 2012 5039 2155 5106; x_wconf 88' lang='lat' dir='ltr'><strong>probatur.</strong></span> <span class='ocrx_word' id='word_1_540' title='bbox 2198 5037 2263 5090; x_wconf 82' lang='lat' dir='ltr'><strong>Non</strong></span> 
     </span>
    </p>
   </div>
   <div class='ocr_carea' id='block_1_5' title="bbox 447 5127 2263 5370">
    <p class='ocr_par' dir='ltr' id='par_1_13' title="bbox 447 5127 2263 5370">
     <span class='ocr_line' id='line_1_45' title="bbox 448 5127 1618 5194; baseline -0.001 -15"><span class='ocrx_word' id='word_1_541' title='bbox 448 5128 541 5180; x_wconf 90' lang='lat' dir='ltr'><strong>omnia</strong></span> <span class='ocrx_word' id='word_1_542' title='bbox 561 5127 643 5194; x_wconf 87' lang='lat' dir='ltr'><strong>enim,</strong></span> <span class='ocrx_word' id='word_1_543' title='bbox 663 5144 735 5194; x_wconf 90' lang='lat' dir='ltr'><strong>qnae</strong></span> <span class='ocrx_word' id='word_1_544' title='bbox 753 5143 815 5180; x_wconf 90' lang='lat' dir='ltr'><strong>esse</strong></span> <span class='ocrx_word' id='word_1_545' title='bbox 833 5133 881 5178; x_wconf 88' lang='lat' dir='ltr'><strong>aut</strong></span> <span class='ocrx_word' id='word_1_546' title='bbox 899 5127 983 5180; x_wconf 84' lang='lat' dir='ltr'><strong>fuisse</strong></span> <span class='ocrx_word' id='word_1_547' title='bbox 998 5138 1121 5194; x_wconf 80' lang='lat' dir='ltr'><strong>possunt,</strong></span> <span class='ocrx_word' id='word_1_548' title='bbox 1140 5143 1237 5181; x_wconf 87' lang='lat' dir='ltr'><strong>revera</strong></span> <span class='ocrx_word' id='word_1_549' title='bbox 1254 5128 1339 5180; x_wconf 91' lang='lat' dir='ltr'><strong>etiam</strong></span> <span class='ocrx_word' id='word_1_550' title='bbox 1355 5137 1414 5180; x_wconf 74' lang='lat' dir='ltr'><strong>aaut</strong></span> <span class='ocrx_word' id='word_1_551' title='bbox 1433 5133 1481 5180; x_wconf 90' lang='lat' dir='ltr'><strong>aut</strong></span> <span class='ocrx_word' id='word_1_552' title='bbox 1497 5129 1618 5194; x_wconf 77' lang='lat' dir='ltr'><strong>suerunt.</strong></span> 
     </span>
     <span class='ocr_line' id='line_1_46' title="bbox 605 5208 2263 5282; baseline -0.001 -18"><span class='ocrx_word' id='word_1_553' title='bbox 605 5212 628 5281; x_wconf 82' lang='lat'><strong>⁶)</strong></span> <span class='ocrx_word' id='word_1_554' title='bbox 647 5212 725 5266; x_wconf 89' lang='lat' dir='ltr'><strong>Idem</strong></span> <span class='ocrx_word' id='word_1_555' title='bbox 739 5213 869 5282; x_wconf 89' lang='lat' dir='ltr'><strong>judicans</strong></span> <span class='ocrx_word' id='word_1_556' title='bbox 889 5211 974 5266; x_wconf 84' lang='lat' dir='ltr'><strong>Grote</strong></span> <span class='ocrx_word' id='word_1_557' title='bbox 992 5212 1011 5265; x_wconf 89' lang='lat' dir='ltr'><strong>l.</strong></span> <span class='ocrx_word' id='word_1_558' title='bbox 1029 5213 1047 5265; x_wconf 94' lang='grc'><strong>1.</strong></span> <span class='ocrx_word' id='word_1_559' title='bbox 1065 5213 1130 5266; x_wconf 87' lang='lat' dir='ltr'>VIII</span> <span class='ocrx_word' id='word_1_560' title='bbox 1148 5215 1199 5267; x_wconf 79' lang='lat' dir='ltr'><strong>loe</strong></span> <span class='ocrx_word' id='word_1_561' title='bbox 1215 5224 1276 5268; x_wconf 88' lang='lat' dir='ltr'><strong>not.</strong></span> <span class='ocrx_word' id='word_1_562' title='bbox 1295 5216 1309 5266; x_wconf 95' lang='grc'>1</span> <span class='ocrx_word' id='word_1_563' title='bbox 1329 5230 1385 5266; x_wconf 92' lang='lat' dir='ltr'><strong>non</strong></span> <span class='ocrx_word' id='word_1_564' title='bbox 1403 5214 1471 5267; x_wconf 77' lang='lat' dir='ltr'><strong>satta</strong></span> <span class='ocrx_word' id='word_1_565' title='bbox 1489 5217 1567 5267; x_wconf 90' lang='lat' dir='ltr'><strong>recte</strong></span> <span class='ocrx_word' id='word_1_566' title='bbox 1580 5211 1650 5267; x_wconf 85' lang='lat' dir='ltr'><strong>haec</strong></span> <span class='ocrx_word' id='word_1_567' title='bbox 1664 5211 1747 5267; x_wconf 87' lang='lat' dir='ltr'><strong>dicit:</strong></span> <span class='ocrx_word' id='word_1_568' title='bbox 1766 5209 1905 5265; x_wconf 89' lang='lat' dir='ltr'><strong>Diodorus</strong></span> <span class='ocrx_word' id='word_1_569' title='bbox 1921 5212 1976 5269; x_wconf 80' lang='lat' dir='ltr'><strong>aad</strong></span> <span class='ocrx_word' id='word_1_570' title='bbox 1991 5208 2158 5264; x_wconf 87' lang='lat' dir='ltr'><strong>Plutarchus</strong></span> <span class='ocrx_word' id='word_1_571' title='bbox 2175 5209 2263 5278; x_wconf 86' lang='lat' dir='ltr'><strong>speak</strong></span> 
     </span>
     <span class='ocr_line' id='line_1_47' title="bbox 447 5296 1379 5370; baseline 0.003 -20"><span class='ocrx_word' id='word_1_572' title='bbox 447 5296 478 5350; x_wconf 87' lang='lat' dir='ltr'><strong>of</strong></span> <span class='ocrx_word' id='word_1_573' title='bbox 492 5297 650 5353; x_wconf 83' lang='lat' dir='ltr'><strong>Alcibiades</strong></span> <span class='ocrx_word' id='word_1_574' title='bbox 670 5301 781 5370; x_wconf 80' lang='lat' dir='ltr'><strong>coming</strong></span> <span class='ocrx_word' id='word_1_575' title='bbox 798 5304 828 5352; x_wconf 91' lang='lat' dir='ltr'><strong>to</strong></span> <span class='ocrx_word' id='word_1_576' title='bbox 846 5299 894 5353; x_wconf 90' lang='lat' dir='ltr'><strong>the</strong></span> <span class='ocrx_word' id='word_1_577' title='bbox 913 5297 1080 5367; x_wconf 85' lang='lat' dir='ltr'><strong>Hellespont</strong></span> <span class='ocrx_word' id='word_1_578' title='bbox 1097 5299 1135 5368; x_wconf 91' lang='lat' dir='ltr'><strong>by</strong></span> <span class='ocrx_word' id='word_1_579' title='bbox 1152 5299 1288 5356; x_wconf 90' lang='lat' dir='ltr'><strong>accident.</strong></span> <span class='ocrx_word' id='word_1_580' title='bbox 1376 5358 1379 5366; x_wconf 27' lang='lat'>¹</span> 
     </span>
    </p>
   </div>
   <div class='ocr_carea' id='block_1_6' title="bbox 0 0 2419 6084">
    <p class='ocr_par' dir='ltr' id='par_1_14' title="bbox 0 0 2419 6084">
     <span class='ocr_line' id='line_1_48' title="bbox 0 0 2419 6084; baseline 0 0"><span class='ocrx_word' id='word_1_581' title='bbox 0 0 2419 6084; x_wconf 95' lang='lat' dir='ltr'><strong> </strong></span> 
     </span>
    </p>
   </div>
  </div>
 </body>
</html>
