4820 6094
1008 549 1164 649 Α

336 755 386 822 Ne
408 765 517 820 umen
539 755 574 820 in
596 756 785 821 universnm
815 764 941 821 tantum
963 755 1144 842 disputem,
1179 775 1294 819 verum
1325 753 1485 841 exemplis
1516 763 1668 820 accurate
1704 756 1899 820 examinatis
1937 756 1990 820 fir·

179 861 318 926 miorem
346 859 482 926 reddam
502 857 596 924 ‘hene
612 889 618 901 =
632 858 827 923 sententiam
861 881 982 938 meam,
1023 857 1113 924 locos
1147 855 1320 923 nonnullos
1354 879 1443 924 nunc
1482 858 1528 922 ite
1556 857 1715 952 ¹tractuho
1754 868 1791 923 ut
1831 857 1990 946 Cypriani

181 961 396 1049 Grosserique
418 971 517 1049 atque
539 960 636 1026 simul
659 963 757 1028 etiarn
780 955 1108 1028 Buechsensohnetnii
1129 961 1310 1027 sententies
1331 959 1430 1026 falsas
1453 983 1524 1026 esse
1547 961 1720 1034 ostendere
1742 961 1901 1028 studeam.

336 1167 482 1232 Primum
505 1167 605 1250 igitur
626 1165 895 1233 conferemus-ea
915 1187 1000 1252 quae
1021 1164 1063 1230 de
1085 1187 1197 1252 pugna
1218 1165 1261 1232 ad
1284 1166 1440 1252 Abydum
1462 1167 1548 1231 fecte
1576 1166 1757 1232 traduntur.
1803 1167 1989 1254 Xenophon

179 1269 249 1350 11,
269 1270 291 1336 2
312 1292 381 1357 sqq.
403 1277 523 1347 narrat,
546 1268 705 1334 Dorieum
727 1269 794 1358 ἅμα
825 1271 927 1360 η’μέρᾳ
955 1290 1029 1335 cum
1058 1269 1302 1356 quatuordecim
1325 1269 1465 1335 navibus
1498 1272 1531 1334 in
1563 1265 1812 1358 Hellespontum
1849 1271 1989 1361 venisse,

180 1371 229 1440 ibi
249 1373 293 1437 ab
315 1372 564 1438 Atheniensium
587 1373 706 1458 viginti
726 1370 868 1438 nevibus
890 1373 1046 1459 impetum
1070 1373 1103 1436 in
1126 1395 1200 1440 eum
1223 1373 1343 1438 fectum
1366 1383 1400 1438 et
1421 1373 1611 1442 dimicatum
1642 1396 1715 1440 csse
1737 1377 1831 1440 varie
1852 1375 1990 1441 victoria

179 1486 214 1542 et
234 1475 325 1541 velut
346 1497 450 1562 aequo
472 1475 576 1540 Marte
599 1474 707 1542 donec
728 1475 947 1541 Athenienses
968 1475 1138 1562 Madytum
1161 1477 1324 1542 redissent
1345 1477 1388 1542 ed
1416 1477 1576 1564 reliquam
1607 1475 1755 1545 classem,
1799 1477 1884 1544 Tum
1907 1478 1990 1542 Min-

179 1581 295 1646 darum
317 1579 491 1645 advenisse
513 1579 673 1644 auxilium
695 1579 853 1644 ferentem
876 1579 1000 1645 Dorico
1023 1589 1056 1644 et
1077 1601 1193 1645 manns
1215 1581 1418 1645 conseruisse
1440 1602 1514 1646 cunr
1536 1580 1804 1662 Atheniensibus.

335 1701 400 1766 Hic
426 1699 669 1765 subsistendum
692 1708 742 1765 est
763 1711 897 1787 propter
919 1699 1121 1786 cyprianum
1144 1701 1200 1785 qui
1230 1699 1273 1764 de
1302 1699 1365 1765 hoc
1394 1698 1465 1764 loco
1495 1722 1597 1786 agens
1627 1699 1805 1781 contendit,
1835 1701 1988 1787 epitoma·

179 1812 294 1888 torem,
318 1813 353 1866 ut
376 1802 478 1868 verba
501 1803 650 1868 omittere
679 1805 843 1889 posset1),
875 1802 990 1867 eodem
1020 1801 1075 1867 die
1104 1801 1186 1866 duas
1221 1823 1348 1888 pugnas
1387 1801 1524 1867 navales
1563 1825 1731 1884 ramesse,
1771 1824 1846 1867 cum
1885 1805 1990 1870 verba

178 1908 305 1994 ἐβοήθει
328 1915 360 1970 et
380 1907 505 1974 ἀπέπλει
528 1907 571 1992 (ᾖ.
593 1907 627 1984 4)
650 1907 824 1972 referende
845 1917 955 1971 essent
976 1905 1018 1970 sd
1041 1904 1128 1970 diem
1152 1927 1282 1991 pugnae
1305 1905 1431 1970 navalis
1452 1906 1572 1991 prioris
1594 1907 1781 1992 descriptae
1803 1909 1834 1985 ᾗ.
1859 1905 1890 1985 3,
1914 1927 1989 1972 cnm

179 2029 259 2074 vero
274 2007 384 2073 ‘verbe
405 2009 639 2094 α’νταναγόμινοι
663 2020 697 2074 et
716 2013 749 2088 ἐξ
771 2011 900 2077 ἑωθινοῦ
922 2009 963 2094 (ᾗ.
987 2009 1020 2089 5)
1044 2008 1252 2102 ostenderent
1273 2009 1408 2075 elteram
1431 2031 1574 2096 pugnam
1599 2022 1729 2096 postero
1763 2009 1818 2075 die
1841 2023 1898 2076 aut
1919 2010 1988 2098 plu·

178 2113 271 2178 ribus
293 2111 407 2178 diebus
430 2123 500 2195 post
522 2112 664 2199 priorem
689 2134 760 2178 esse
784 2113 998 2179 commissam.

336 2233 460 2297 Contra
481 2232 567 2298 hano
588 2234 783 2298 sententiam
806 2235 899 2298 veria
920 2231 1074 2298 videntur
1102 2235 1240 2319 proferri
1269 2253 1374 2318 posse.
1404 2269 1447 2280 -
1477 2232 1697 2298 Brcitcnhach
1737 2243 1771 2297 et
1804 2233 1989 2300 Buechsen·

178 2334 289 2400 schdtz
312 2335 428 2401 eodem
452 2335 506 2401 die
528 2345 700 2423 utramque
722 2359 867 2422 pugnam
890 2337 1095 2401 commissam
1119 2359 1192 2402 esse
1222 2335 1436 2416 statuentes²t
1465 2335 1568 2401 verba
1596 2341 1628 2414 ἔξ
1656 2337 1803 2415 ἑωθινοῦ,
1843 2359 1915 2402 oum
1946 2337 1988 2403 ad

179 2462 252 2504 eam
275 2439 527 2525 explicationem
550 2460 614 2504 non
638 2440 807 2528 quadrent,
832 2461 898 2504 non
921 2441 1053 2526 proprio
1083 2450 1172 2506 certe
1201 2460 1300 2504 sensu
1329 2436 1469 2524 intelligi
1497 2441 1622 2525 possint
1650 2447 1798 2526 (propter
1825 2461 1866 2504 ea
1905 2463 1988 2526 quse

178 2541 329 2629 legantur
350 2543 379 2626 ᾗ.
402 2541 448 2627 2),
472 2564 531 2629 pro
554 2542 777 2609 additamento
796 2543 922 2608 librarii
940 2542 1063 2608 hahent
1078 2543 1205 2630 sdjecto
1220 2551 1353 2628 propter
1367 2563 1406 2606 ee
1418 2563 1502 2627 quae
1516 2541 1714 2608 antecedent
1728 2544 1822 2628 μέχρι
1842 2545 1989 2631 δείληςθ),

179 2668 252 2711 cnm
275 2661 373 2732 saepe
395 2648 443 2711 sio
465 2647 550 2711 duae
572 2649 753 2712 notationes
776 2650 1056 2734 componantur.⁴)
1097 2646 1167 2711 Sed
1185 2645 1243 2709 tali
1261 2642 1356 2708 modo
1375 2665 1439 2708 non
1457 2645 1617 2710 refutatur
1635 2645 1800 2711 sententia
1818 2641 1988 2731 Cypriani.

333 2765 442 2830 Aliam
464 2769 625 2832 rationem
647 2769 752 2832 secuti
776 2766 964 2852 Heilsnd⁵),
992 2765 1170 2850 Dindorft)
1202 2769 1436 2853 Παντιιζίδηςῖ)
1466 2765 1584 2845 „latius
1612 2767 1731 2832 dictam
1767 2789 1838 2832 esse
1872 2789 1987 2832 vocem

178 2871 328 2936 testreet
350 2871 542 2956 stamnum)
587 2869 651 2935 Cui
672 2871 793 2936 rationi
815 2869 986 2937 oblocutus
1008 2867 1196 2952 Hertleinl)
1217 2877 1305 2934 recte
1328 2879 1438 2933 monet
1461 2869 1549 2955 apud
1572 2870 1823 2955 Xenophontem
1846 2870 1988 2960 simplici

178 2993 301 3058 genere
323 2970 456 3037 dicendi
477 2983 622 3038 utentem
644 2973 723 3038 telis
745 2976 803 3040 virs
824 2975 921 3039 statui
944 2994 1055 3060 posse;
1080 2994 1188 3058 neque
1217 2971 1400 3036 Homericis
1430 2970 1590 3058 exemplis
1621 2972 1745 3059 aliquid
1775 2973 1907 3062 probari
1940 2977 1988 3039 vi·

179 3076 275 3140 detur
297 3097 491 3162 quemquem
514 3078 643 3164 po'e'tice
664 3075 765 3142 multe
787 3077 913 3142 exstant
934 3079 968 3141 in
991 3076 1085 3140 libris
1107 3074 1402 3163 Xenophontis.¹⁰)

333 3197 494 3284 Equidem
516 3198 614 3284 plane
638 3221 701 3263 non
725 3200 828 3285 cepio,
851 3222 909 3265 cur
931 3199 1013 3264 duas
1035 3199 1093 3264 has
1115 3219 1243 3284 pugnas
1264 3197 1368 3263 eodem
1391 3196 1446 3262 die
1467 3196 1571 3262 factes
1593 3219 1664 3262 esse
1689 3218 1733 3262 ex
1750 3196 1862 3262 verbis
1880 3196 1988 3262 Xeno-

179 3300 310 3388 phontis
331 3299 485 3387 colligere
508 3301 694 3369 debeamus.
739 3301 955 3368 Athenienses
978 3303 1063 3368 enim
1095 3300 1262 3386 Madytum
1291 3321 1328 3367 se
1361 3310 1557 3387 receperunt
1590 3322 1704 3388 pugna
1738 3303 1849 3388 priore
1889 3300 1989 3385 fecta,

180 3425 277 3490 qnam
300 3425 373 3469 cum
395 3404 565 3470 Mindarus
587 3407 746 3470 committi
767 3405 905 3470 vidisset
926 3405 969 3471 ad
997 3426 1085 3469 mere
1113 3403 1302 3491 properavit
1331 3413 1364 3468 et
1393 3405 1548 3468 convenit
1576 3403 1747 3468 Doricum.
1800 3403 1892 3466 Haec
1921 3423 1986 3466 uno

179 3506 234 3572 die
256 3507 388 3587 fiebant,
411 3531 474 3594 quo
496 3517 605 3573 temen
629 3531 668 3574 ea
690 3529 820 3596 quoque
842 3508 928 3573 facte
950 3530 1030 3593 esse,
1054 3530 1139 3596 quae
1161 3509 1191 3592 ᾖ.
1213 3507 1236 3571 ὃ
1258 3515 1442 3584 narrantur,
1473 3529 1492 3570 e
1519 3505 1749 3591 Xenophontis
1780 3506 1892 3569 verbis
1921 3527 1987 3570 non

178 3613 325 3698 sequitur
346 3633 453 3698 neque
474 3611 551 3677 inde
575 3612 661 3698 quod
684 3611 765 3676 nihil
789 3612 933 3685 additum
957 3621 1016 3691 cst,
1039 3633 1103 3698 quo
1125 3622 1254 3696 tempus
1275 3611 1458 3674 accuratius
1481 3607 1657 3673 definiatur
1678 3606 1782 3693 (velut
1803 3615 1845 3701 τῇ
1872 3612 1988 3678 δ’ὕστε-

178 3717 250 3807 polq
271 3726 329 3780 aut
349 3717 477 3804 ἡμέραις
498 3716 618 3798 δ’ἕνίως
639 3715 787 3802 ὕστερον),
809 3737 883 3782 cnm
906 3725 984 3803 quot
1005 3715 1102 3801 hujus
1124 3713 1353 3801 neglegentiae
1375 3710 1527 3800 exempla
1548 3714 1754 3797 reperiantur
1782 3713 1817 3776 in
1842 3711 1987 3777 Helleni·

336 4027 361 4092 ¹)
378 4044 441 4097 pag.
459 4028 506 4080 ⁴8:
526 4027 572 4081 ἵνα
589 4026 701 4096 κερδίσῃ
719 4023 808 4090 λέξεις.

335 4116 360 4176 ²)
378 4113 409 4166 in
426 4096 654 4166 annotatihnibns
671 4109 708 4164 ed
725 4109 745 4162 l.

333 4198 359 4264 ⁸)
377 4203 531 4267 sequnntur
548 4197 748 4261 ememor-um,
764 4195 928 4251 zeitschrift
943 4195 988 4251 tur
1000 4193 1369 4250 Alterthumswiseensohslt
1385 4192 1428 4247 VI
1445 4192 1534 4258 (lese)
1551 4207 1598 4260 pg.
1617 4190 1679 4244 395.
1690 4219 1721 4232 -
1731 4186 1868 4258 nemeis,
1885 4203 1981 4258 progr.

177 4283 334 4340 Wertheim
353 4287 417 4339 1841
436 4303 483 4354 pg.
501 4289 518 4340 7
536 4303 569 4340 ea
586 4284 672 4340 verbs
690 4289 753 4336 orta
773 4299 835 4336 esse
853 4287 1001 4338 censetor
1018 4282 1187 4352 glossemate
1205 4279 1302 4334 eddIto
1319 4278 1356 4332 sd
1374 4279 1461 4333 verbe
1478 4277 1537 4348 ἅμα
1554 4275 1649 4348 ἡμέρᾳ.

320 4373 358 4440 -⁴)
376 4371 487 4426 Landet
502 4370 589 4428 Breit
608 4371 669 4425 edit
686 4371 762 4425 lsoe.
778 4368 898 4438 Appisn.
920 4366 988 4422 VIII
1004 4371 1053 4422 ⁷2:
1073 4366 1101 4430 ἐς
1118 4366 1205 4423 νύκτα
1223 4365 1271 4420 ἀπ’
1289 4365 1371 4435 doum
1391 4363 1465 4418 Plut
1485 4363 1520 4416 de
1537 4363 1621 4416 enim.
1640 4375 1740 4430 procr..
1752 4362 1786 4412 10
1805 4358 1869 4429 ἄχρι
1886 4357 1981 4423 τέλους

176 4456 225 4512 drr’
243 4457 344 4528 delfin
363 4455 435 4512 Plut.
453 4455 550 4515 Them.
568 4459 599 4527 9,
617 4455 688 4511 Xen.
706 4455 759 4511 An.
779 4451 806 4508 V
823 4457 850 4522 t,
868 4455 910 4522 81,
929 4451 984 4509 v11
1001 4455 1028 4520 4,
1048 4454 1095 4507 18:
1114 4451 1215 4520 quibus
1233 4450 1299 4505 addi
1316 4453 1411 4519 potest
1428 4449 1500 4504 Hell.
1524 4446 1565 4501 111
1583 4449 1608 4516 2,
1628 4449 1662 4501 10
1689 4443 1746 4501 ἀπὸ
1764 4445 1862 4516 ἠρινοῦ
1882 4444 1986 4515 χρόνον

175 4561 230 4613 ²³⁰⁰
247 4542 485 4697 ὀωῖΐᾳηαοη
502 4627 629 4696 Xenoph
648 4626 765 4682 Stendsl
784 4627 861 4694 reto,
878 4643 924 4696 pg.
943 4626 960 4677 8
978 4627 1019 4692 s‘q.

332 4715 357 4780 ⁸)
376 4713 419 4768 ed.
437 4713 525 4771 Oxou.
543 4714 611 4769 1853
628 4713 665 4768 ed
682 4714 699 4769 l.

332 4801 357 4868 ἲ)
375 4800 394 4857 l.
411 4799 430 4855 L
447 4817 494 4869 pg.
515 4802 577 4856 llo·

331 4885 356 4953 ⁸)
374 4885 489 4940 eontsrt
509 4883 629 4937 Bellend
652 4884 722 4940 dnos
745 4885 822 4939 locos
839 4881 964 4950 Homeri,
982 4897 998 4934 e
1016 4896 1070 4949 quo
1088 4879 1143 4950 ἠύς
1161 4880 1314 4949 opponitur
1331 4879 1405 4948 δείλῃ
1424 4882 1454 4931 et
1469 4873 1542 4948 μέσῳ
1560 4874 1643 4944 ἤματι
1661 4874 1694 4932 II
1713 4873 1786 4928 XXI
1806 4877 1864 4940 111,
1882 4875 1913 4926 et
1928 4870 1985 4944 ἧός

174 4987 356 5042 crescensque
373 4970 434 5026 dies
451 4968 488 5023 sd
505 4966 652 5022 meridiem
669 4988 758 5041 neque
775 4969 919 5038 pertinere
936 4965 1041 5020 dicitur
1057 4965 1090 5023 11.
1111 4965 1180 5020 VIII
1200 4967 1243 5022 66.

330 5059 342 5095 ⁹
578 5053 583 5063 ι
598 5091 606 5105 ι

331 5062 438 5212 gfdd..
454 5051 598 5193 lindilchdil
617 5055 799 5205 {dissiliente
817 5137 853 5194 de
871 5137 992 5192 dieleoto
1009 5134 1216 5205 Xenophontis,
1235 5137 1311 5202 lect,
1336 5151 1382 5203 pg.
1401 5133 1434 5185 12
1452 5149 1514 5202 sqq.
1539 5161 1571 5174 -
1596 5129 1710 5186 hobeclr
1736 5127 1773 5182 sd
1798 5127 1903 5196 Phryn.
1929 5130 1981 5185 89:

171 5231 297 5302 „poetice
314 5236 344 5286 et
359 5222 554 5300 glossemstr‘ce
570 5225 711 5280 rocebuls
728 5226 758 5281 in
775 5225 854 5280 nullo
872 5223 953 5294 plurs
969 5225 1066 5278 notets
1083 5225 1149 5276 tunt
1166 5237 1249 5290 quem
1266 5219 1296 5273 in
1314 5217 1509 5288 Xenophonte,
1533 5217 1671 5286 scriptore
1690 5212 1811 5269 mexIme
1829 5211 1984 5283 pedestri.“
