4820 6094
928 481 935 496 ·
996 473 1152 573 Aa..

320 677 475 764 Sequitur
495 699 584 742 nunc
608 699 718 764 pugna
739 676 861 744 nobilis
884 676 1058 764 Cyzicena,
1082 700 1178 766 quam
1202 678 1287 747 Xen.
1310 687 1421 744 namot
1442 677 1529 745 Hell.
1552 678 1569 742 1
1593 678 1620 760 1,
1647 680 1680 744 ll
1707 702 1788 766 sqq,
1808 679 1893 747 Plut
1906 679 1977 746 Alc.

165 779 219 845 28.
244 818 281 830 -
305 780 345 844 ln
367 779 549 846 Hellenicis
570 781 672 867 igitur
693 779 776 846 haec
797 781 986 847 traduntur:
1010 781 1203 848 Alcibiades
1224 783 1283 848 uhi
1306 781 1446 848 Cardine
1475 782 1695 848 Athenienses
1724 784 1878 848 convenit
1901 782 1980 848 clas·
2056 849 2062 870 ι

166 905 233 956 sem
257 882 350 968 jubet
371 883 500 950 Sestum
523 883 641 964 redire,
662 883 931 950 Lacedaemoniis
946 886 981 949 in
996 885 1229 972 Propontidem
1248 886 1410 973 profectis.
1433 887 1609 974 Postquam
1626 885 1747 952 deinde
1758 885 1980 956 Theramenes

166 996 201 1052 et
222 985 448 1072 Thrasybulus
470 1007 544 1052 cnm
566 987 692 1052 moenis
713 986 920 1054 advenerunt
942 987 1090 1069 navibus,
1114 1010 1188 1055 curn
1212 998 1280 1054 tota
1302 987 1406 1055 classe
1427 989 1469 1056 86
1491 988 1660 1073 navium¹)
1686 989 1818 1054 Parium
1837 988 1979 1076 indeque

166 1089 420 1155 Proiconnesum
444 1111 481 1155 se
504 1089 639 1155 confert.

320 1192 386 1257 Die
409 1201 483 1280 post
504 1192 682 1258 adventum
704 1194 747 1258 ad
770 1193 1025 1260 Proiconnesum
1054 1195 1193 1261 insulam
1224 1194 1296 1264 Alc.
1327 1215 1478 1260 sermone
1507 1194 1627 1260 milites
1659 1195 1862 1278 cohortatus,
1904 1217 1979 1260 cum

165 1295 274 1381 priore
290 1297 362 1382 jam
384 1296 438 1361 die
461 1317 574 1361 omnes
597 1296 741 1385 undique
763 1319 864 1364 naves
887 1302 983 1363 etiam
1006 1321 1131 1385 parvae
1160 1308 1294 1364 coactae
1324 1307 1451 1380 essent,
1491 1320 1532 1363 ne
1560 1299 1632 1383 quia
1661 1299 1794 1362 nuntius
1833 1296 1981 1363 hostibus

165 1399 275 1464 afferri
298 1411 418 1486 posset,
441 1399 599 1464 imbribus
620 1402 748 1486 magnis
771 1399 927 1487 Cyzicum
950 1424 1065 1468 versus
1087 1403 1312 1488 proficiscitur,
1335 1410 1441 1489 atque,
1465 1423 1567 1490 prope
1594 1400 1635 1467 ad
1659 1400 1744 1466 hauc
1766 1400 1881 1465 urbem
1906 1421 1980 1467 cum

165 1503 305 1582 adesset,
329 1501 396 1566 sole
420 1500 637 1568 incalescente
661 1502 825 1590 dispulsus
847 1505 954 1570 imber
976 1527 1049 1571 cum
1078 1507 1259 1593 aperuisset
1287 1505 1391 1584 diem,
1421 1504 1701 1571 Lacedaemonios
1731 1513 1825 1570 extra
1851 1512 1980 1588 portum

165 1606 267 1686 videt,
291 1603 490 1692 aggreditur.
536 1605 696 1687 Quicum
719 1607 763 1672 ad
785 1616 905 1673 terram
935 1609 1149 1696 confugerent
1177 1617 1211 1674 et
1238 1609 1459 1676 Athenienses
1498 1607 1625 1674 fortiter
1664 1608 1894 1694 aggredientes
1933 1627 1982 1671 re·

165 1707 336 1795 pellerent,
360 1707 431 1774 Ale
456 1727 512 1774 eos
535 1710 773 1775 circumvectus
794 1711 912 1796 viginti
933 1734 1035 1776 naves
1058 1711 1204 1799 appellit,
1228 1714 1339 1799 copias
1361 1713 1506 1797 exponit,
1530 1733 1605 1777 cum
1623 1711 1894 1777 Lacedaemoniis
1916 1719 1980 1776 ter·

166 1822 303 1878 restrem
325 1813 497 1878 committit
517 1832 661 1897 pugnarn
685 1823 718 1879 et
740 1813 890 1878 Mindaro
912 1815 1087 1881 interiedto
1110 1813 1566 1881 devincit'Lacedaemonios.

322 1918 397 1995 Qua
418 1915 461 1978 ab
484 1916 672 1980 narratione
696 1936 769 1980 cum
793 1915 987 1982 Plutarchea
1008 1918 1119 1983 multis
1141 1919 1241 1984 rebus
1269 1918 1462 1998 abhorreat,
1499 1916 1787 1984 Blichsenschuetz
1822 1917 1980 1998 stahrit2),

165 2019 251 2084 hanc
273 2019 635 2107 quoquecompilatam
659 2041 730 2084 esse
753 2041 796 2084 ex
819 2019 1061 2107 Xenophontas
1083 2033 1116 2088 et
1138 2021 1213 2104 alia,
1237 2043 1334 2108 quam
1358 2022 1456 2086 etiam
1479 2029 1610 2087 secutus
1633 2022 1676 2086 sit
1696 2018 1863 2085 Diodorus
1886 2018 1982 2100 (XIII

165 2123 319 2204 49-51).
365 2121 544 2188 Contendit
560 2132 643 2186 'aute
666 2125 785 2202 omnia,
809 2123 896 2209 quod
919 2123 1070 2210 equidem
1093 2146 1158 2191 non
1190 2124 1386 2206 concedo³),
1417 2121 1647 2210 Xenophontis
1669 2123 1893 2188 narrationem
1916 2144 1981 2187 non

165 2227 208 2292 ab
232 2229 321 2292 omni
343 2235 436 2314 parte
459 2227 538 2291 sads
559 2227 766 2313 perspicuam
789 2247 872 2310 esse,
895 2249 969 2292 cum
991 2248 1120 2314 pugnas
1141 2226 1277 2293 navales
1298 2249 1436 2314 quarum
1458 2226 1548 2294 haud
1569 2229 1617 2291 ita
1638 2227 1762 2312 peritus
1797 2224 1854 2290 ille
1882 2225 1982 2291 fuerit

165 2331 274 2395 minua
295 2331 383 2396 bene
404 2330 593 2395 describere
614 2329 720 2395 soleat
741 2351 837 2417 qnam
861 2339 1047 2396 terrestres:
1092 2330 1197 2396 Multo
1220 2331 1407 2396 confusions
1429 2330 1510 2398 mihi
1532 2329 1687 2394 videntur
1721 2349 1792 2395 esse
1822 2349 1905 2415 quae
1934 2327 1980 2396 lc·

164 2441 286 2518 guntur
307 2432 396 2520 apud
418 2431 641 2499 Plutarchum.

319 2536 387 2600 Sed
408 2545 445 2599 ut
466 2535 509 2600 ad
532 2537 663 2622 singula
684 2536 849 2615 accedam,
878 2541 1018 2621 primum
1048 2558 1088 2602 eo
1116 2537 1226 2602 differt
1260 2559 1281 2602 a
1315 2536 1535 2622 Xenophonte
1571 2534 1768 2600 Plutarchus
1804 2534 1893 2622 quod
1927 2533 1981 2600 hic

164 2637 374 2704 Alcibiadem
397 2649 510 2704 namet
531 2641 723 2726 concionem
745 2638 885 2704 militum
907 2638 1060 2705 habuisse
1082 2651 1248 2726 antequanm
1277 2640 1467 2726 navigasset
1495 2639 1770 2718 Proieonncsum,
1792 2637 1878 2703 Xeu.
1902 2657 1981 2702 vero

165 2745 207 2824 (ξ.
232 2741 283 2821 14)
307 2765 377 2808 cnm
398 2745 474 2828 jam
502 2743 550 2806 ila·
578 2753 664 2809 assat
708 2742 813 2808 Nimis
842 2763 962 2830 magna
990 2753 1041 2808 est
1069 2743 1209 2809 audacia
1244 2743 1395 2808 Grosseri
1427 2743 1483 2828 qui
1510 2741 1714 2822 ‘mutenditll
1744 2740 1830 2806 hanc
1859 2739 1981 2805 discre-

164 2846 311 2930 pantiam
332 2844 375 2909 de
397 2843 470 2910 loco
491 2854 637 2932 tempore
660 2846 832 2912 occasione
855 2847 1011 2912 orationis
1032 2868 1103 2922 non,
1135 2868 1248 2912 veram
1278 2867 1350 2912 esse
1380 2851 1475 2928 (,‚nur
1504 2843 1729 2924 scheinbar“),
1761 2865 1782 2908 a
1805 2841 1980 2908 Plutarcho

164 2948 320 3012 omissum
340 2956 467 3014 tantum
489 2970 561 3013 esse
583 2947 701 3029 locum,
725 2971 799 3016 cum
820 2971 901 3016 voce
923 2952 1105 3035 πυθόμενος,
1129 2971 1213 3038 quae
1235 2949 1364 3036 legatur
1386 2948 1474 3037 apud
1494 2946 1703 3013 Plutarchum
1722 2958 1756 3012 et
1769 2945 1858 3034 apud
1870 2949 1980 3011 Xeno-

164 3049 331 3137 phontem,
352 3049 602 3132 demonstretur,
627 3054 726 3118 etiam
751 3053 839 3140 apud
855 3051 948 3118 illum
966 3057 1006 3118 de
1023 3054 1243 3119 Proiconneso
1267 3074 1338 3118 esse
1361 3051 1588 3138 cogitandum
1612 3051 1727 3118 eadem
1746 3049 1884 3115 audacia
1901 3048 1981 3114 dicit

165 3152 276 3218 verbis
294 3151 461 3220 Plutarchi
483 3158 645 3244 πληρώσας
666 3159 721 3236 ταῖς
743 3165 813 3235 ναῦς
835 3160 885 3222 καὶ
906 3159 1037 3244 κατάρας
1059 3165 1122 3223 art
1150 3158 1312 3222 contineri
1330 3155 1455 3241 ὕστερον
1477 3155 1631 3243 πρότερον,
1653 3154 1686 3224 h.
1708 3176 1737 3219 e.
1764 3154 1812 3218 eis
1830 3151 1909 3216 addi
1926 3171 1980 3216 res

164 3257 257 3342 prius
285 3257 356 3342 jam
385 3259 566 3324 narrandas
595 3260 703 3340 („eine
732 3257 977 3344 nachtrllgliche
1004 3257 1234 3345 erklarung“)‚
1265 3261 1360 3346 cujus
1394 3259 1443 3324 rei
1483 3279 1504 3323 a
1538 3255 1714 3324 Plutarcho
1754 3255 1853 3343 plane
1892 3253 1983 3319 nulla

163 3360 340 3446 praebetur
361 3382 469 3429 causa.
512 3361 609 3427 'Palis
631 3371 728 3448 atque
749 3361 815 3426 alia
836 3360 996 3428 nonnulla
1017 3382 1102 3449 quae
1123 3361 1180 3428 Gr.
1203 3359 1340 3448 protulit
1367 3362 1445 3426 satis
1473 3359 1580 3426 babeo
1605 3379 1875 3434 commemorare,
1904 3379 1982 3424 cum

164 3485 205 3550 ea
226 3462 324 3551 plane
345 3485 411 3528 non
434 3463 534 3550 digna
555 3467 621 3529 sint
643 3485 726 3551 quae
747 3465 979 3548 refutantur>
1062 3479 1067 3490 ’

319 3551 432 3632 Verba
454 3569 552 3632 etiam
575 3569 647 3654 ipsa
668 3567 798 3632 diverso
821 3568 918 3633 modo
941 3566 1123 3632 redduntur
1144 3567 1187 3632 ab
1210 3575 1358 3653 utroque.
1402 3569 1487 3632 Xeu.
1508 3567 1595 3630 euim
1617 3587 1690 3632 cum
1704 3564 1786 3630 haec
1801 3561 1977 3650 praebeat:

319 3674 372 3738 οὐκ
395 3673 477 3738 ἔστιν
498 3669 648 3758 χρήματα
678 3675 767 3759 η’μῐν,
797 3681 861 3751 τοῖς
882 3674 917 3738 δὲ
940 3673 1093 3754 πολεμίοις
1113 3671 1239 3756 ἄφθονα
1260 3672 1343 3758 παραὶ
1364 3669 1519 3752 βασιλέως,
1543 3667 1735 3734 Plutarchus
1757 3667 1840 3731 haec
1861 3665 1978 3732 babet:

320 3776 469 3860 χρήματα
494 3778 553 3862 γαρ
582 3775 634 3841 οὐκ
662 3771 738 3842 εἶναι
766 3778 815 3863 μή
839 3776 939 3862 πάντη
972 3783 1122 3859 κρατοῦσι.
1174 3773 1267 3854 Quae
1295 3771 1427 3838 differre
1454 3771 1738 3836 Blichsenschuetn
1776 3777 1865 3834 recte
1905 3789 1979 3834 cnm

163 3873 382 3942 intellexisset
404 3877 505 3963 (apud
528 3878 612 3942 Xon.
636 3876 717 3941 dicit
740 3877 947 3943 Alcibiadem
974 3899 1041 3942 non
1070 3877 1259 3944 describere
1287 3874 1392 3964 qualis
1421 3876 1465 3940 sit
1492 3896 1591 3961 opum
1628 3872 1770 3939 conditio
1811 3873 1920 3936 futura
1949 3871 1978 3935 si

162 3979 383 4046 Athenienses
406 3981 576 4045 victoriam
598 3991 814 4066 reportarent,
837 3979 896 4046 sed
918 3976 1025 4068 qualis
1047 3981 1211 4067 utrimque
1234 3980 1305 4065 jam
1334 4000 1424 4044 nunc
1452 3979 1510 4062 sit,
1539 3981 1584 4042 ita
1612 3985 1650 4040 ut
1678 3975 1788 4040 hostes
1817 3974 1883 4038 otio
1912 3973 1978 4038 frui

163 4093 303 4168 possent,
325 4084 388 4168 ipsi
411 4083 534 4148 diutius
553 4105 697 4170 pugnam
716 4082 847 4149 differre
870 4085 1107 4171 requirente),
1130 4092 1240 4146 tamen
1258 4081 1335 4146 inde
1358 4081 1446 4168 qnod
1468 4102 1510 4146 ea
1538 4101 1623 4167 quae
1651 4083 1737 4144 Xen.
1768 4075 1978 4142 Alcibiadem

324 4221 347 4286 ¹)
365 4236 455 4289 nsque
473 4234 540 4274 vero
558 4219 593 4274 68
610 4223 642 4273 ut
659 4218 736 4289 apud
752 4217 786 4274 Ε.
805 4219 931 4275 curtim
948 4219 967 4274 l.
985 4218 1004 4272 l.
1022 4217 1050 4274 II
1066 4219 1119 4276 eet
1137 4216 1348 4288 typothetarum
1366 4215 1436 4272 vitio
1453 4217 1579 4288 legimus.

322 4303 347 4372 ²)
366 4303 384 4361 l.
403 4303 422 4358 l.
440 4321 504 4374 pag.
523 4305 671 4361 223-225.
842 4323 848 4328 ·

322 4391 348 4458 ³)
365 4405 428 4444 cum
446 4389 664 4446 Breitenhauhio
682 4391 724 4446 rh.
741 4407 810 4447 mus.
828 4386 935 4444 xxvu
952 4405 998 4462 pg.
1016 4391 1076 4457 500,
1094 4390 1183 4446 etiam
1200 4393 1300 4446 contra
1317 4389 1483 4445 dresserum
1500 4386 1721 4457 proclamantem
1739 4389 1814 4454 (nov.
1834 4400 1898 4438 ann.
1919 4383 1977 4454 tot,

161 4477 240 4544 729):
258 4475 392 4544 „hotretis
410 4474 463 4530 der
479 4473 609 4530 schlacht
625 4477 673 4532 hei
690 4475 759 4548 Kys.
777 4475 858 4530 llolls
875 4477 919 4530 leh
935 4477 1033 4546 meet,
1059 4476 1110 4532 der
1132 4475 1244 4532 bericht
1268 4475 1440 4548 Xenophane
1467 4474 1505 4529 ist
1528 4490 1563 4527 nn
1593 4473 1716 4544 dhrltig‘
1746 4475 1799 4530 etc
1829 4501 1865 4513 -
1895 4471 1978 4542 Gypr.

164 4564 299 4632 mersa
317 4563 384 4618 452:
401 4562 473 4618 dadas
492 4561 510 4634 ἡ
528 4558 559 4618 ἐν
576 4567 635 4627 τοῖς
648 4562 718 4620 'Est
735 4562 859 4633 διήγησις
876 4560 947 4618 cloes
963 4561 1054 4627 odana
1071 4560 1253 4634 αηκεχυμέη
1271 4561 1338 4618 dura
1355 4561 1429 4620 οόδ’
1446 4561 1605 4631 Hatria
1622 4557 1741 4616 tamea
1755 4558 1793 4615 vl
1808 4555 1925 4630 ἐξηγήσῃ
1941 4555 1978 4614 τὰ

160 4649 320 4719 αἰνίγματα
339 4677 374 4690 -
391 4647 425 4704 G.
442 4646 541 4717 Meyer
559 4651 604 4704 ll:
623 4649 694 4716 „etsi
711 4647 825 4702 nimiam
844 4647 1000 4703 militam
1016 4647 1099 4703 heile
1115 4647 1229 4720 largior,
1248 4647 1355 4704 nnllam
1371 4651 1467 4704 umen
1492 4661 1552 4700 rem
1580 4661 1598 4698 a
1627 4644 1815 4714 Xenophonte
1845 4645 1978 4699 omissam

160 4751 225 4790 ease
243 4733 377 4804 arbitror,
395 4731 503 4802 quaed
521 4734 745 4805 conjunctionem
763 4749 857 4787 rerum
874 4731 1097 4803 perspiciendam
1114 4751 1209 4790 carere
1226 4750 1284 4789 non
1302 4735 1476 4803 poasnmm.“
1496 4761 1525 4771 -
1553 4730 1658 4786 Contra
1674 4727 1790 4786 Nitsche
1808 4729 1857 4786 29:
1875 4745 1922 4798 „es
1939 4731 1978 4784 ist

159 4819 242 4876 nicht
259 4819 394 4890 schellig,
413 4835 495 4875 naun
512 4819 608 4876 Xen's
625 4818 736 4876 bericht
753 4817 888 4882 theudis
906 4817 1035 4874 schlucht
1049 4818 1096 4875 bei
1113 4817 1236 4889 Kyzihca
1253 4817 1434 4874 rurhcksteht
1449 4831 1539 4888 gagen
1558 4815 1613 4872 dan
1630 4814 1785 4872 uiouors¹⁴

320 4903 419 4972 ι)1.ι
438 4905 498 4976 105,
516 4905 575 4960 ⁷29.
767 4906 793 4973 ⁵)
812 4903 862 4960 cir.
880 4902 1068 4960 Breitsnhnch
1085 4905 1104 4964 l.
1121 4905 1139 4961 l.
1157 4907 1218 4960 508.

320 4991 346 5059 ⁶)
364 4991 415 5046 clr.
434 4989 463 5045 C.
481 4991 515 5046 G.
531 4987 660 5063 lirueger
676 4991 712 5046 sd
728 4989 845 5060 utonys.
862 4992 915 5050 285
931 4991 1132 5062 „pecuniarum
1149 5005 1205 5059 qna
1221 4987 1384 5046 laborarent
1400 4989 1497 5061 inopia
1513 4977 1642 5046 &sunnia
1658 4989 1807 5060 docuitque
1823 5005 1881 5043 uon
1893 5003 1978 5058 posse

157 5079 231 5150 quin
248 5075 357 5150 proelio
373 5074 579 5132 decertarent“
596 5105 630 5119 -
649 5075 738 5132 (Irata
755 5075 825 5132 VIII
846 5077 911 5152 lhh:
928 5093 989 5146 „ns
1006 5076 1078 5132 have
1095 5091 1133 5132 no
1150 5092 1253 5146 money
1269 5073 1343 5144 (said
1364 5075 1413 5143 hs)
1437 5073 1521 5132 while
1543 5090 1595 5131 cur
1623 5075 1748 5131 enemiea
1779 5074 1851 5130 have
1879 5075 1978 5146 plenty
2087 5117 2091 5125 .

156 5170 232 5221 “⁰¹¹²
249 5165 298 5220 ΨΘ
314 5163 411 5236 kingr‘
445 5161 530 5217 F²¹⁸⁰
548 5161 596 5219 GP·
613 5163 642 5230 ss·
661 5164 680 5219 l·
700 5165 758 5232 105.
777 5163 839 5230 ⁷28)
857 5167 946 5234 putat.
965 5167 1083 5232 utraque
1099 5162 1194 5231 verbs,
1211 5165 1241 5218 et
1257 5179 1275 5217 a
1291 5161 1443 5218 Plutarcho
1460 5165 1490 5218 st
1506 5162 1535 5217 in
1558 5159 1712 5216 HellenIcis
1738 5159 1858 5229 traditu,
1881 5163 1977 5234 puta

156 5267 224 5308 esse
241 5265 389 5308 verorum:
408 5246 510 5316 „holds
526 5247 654 5304 herichte
847 5249 853 5256 ·
873 5248 889 5272 2
902 5250 919 5278 ι·

1751 5355 1768 5402 A
