4820 6094
1328 533 1371 598 38

420 825 426 836 δ
596 736 727 802 Deinde
749 758 822 800 cunr
841 738 912 823 jam
934 737 968 801 in
991 739 1180 804 universum
1203 746 1245 806 de
1266 735 1412 807 tontibus
1430 739 1597 808 Plutarchi
1613 744 1809 809 contrariam
1827 766 1946 832 sequar
1967 745 2171 826 sententiam,
2190 745 2254 812 hoo

438 837 512 905 loco
535 837 577 902 de
598 837 817 924 Xenophonte
840 840 1014 925 quominus
1036 842 1215 927 cogitemus
1238 841 1323 907 Plut.
1345 845 1417 930 ipse
1439 844 1608 934 prohibet,
1638 845 1899 934 Theophrastum
1927 847 2048 912 fontem
2078 850 2253 913 nominans

441 941 530 1027 (Lys.
547 942 614 1008 Ι133
637 945 678 1022 νίς
700 943 816 1028 ἱστορεῖ
836 937 1054 1030 Θεόφραστος).
1098 945 1233 1012 Summa
1254 957 1305 1011 est
1327 947 1465 1014 audacia
1487 948 1636 1014 Grosseri
1659 950 1717 1037 qui
1747 949 1930 1033 contendit,
1962 972 2157 1038 quamquam
2180 951 2253 1016 clia

440 1065 480 1108 ex
504 1043 728 1132 Theophrasto
750 1066 785 1108 se
808 1047 985 1133 sumpsisse
1007 1045 1092 1113 Plut.
1114 1049 1187 1134 ipss
1210 1049 1307 1130 dicat,
1330 1051 1412 1117 haec
1433 1061 1544 1118 tamen
1573 1075 1616 1117 ex
1638 1052 1855 1139 Xenophonte
1888 1054 2006 1119 hausta
2034 1076 2116 1119 esse.
2167 1052 2251 1119 Plut.

440 1169 507 1212 non
528 1147 597 1212 olio
620 1169 664 1212 ex
684 1146 910 1234 Theophrasto
932 1158 1062 1236 sumpta
1084 1172 1155 1216 esse
1178 1149 1259 1218 dicit
1286 1154 1346 1219 sed
1373 1154 1459 1219 hanc
1487 1156 1591 1242 ipsam
1621 1155 1662 1221 de
1677 1165 1794 1221 ‘morte
1828 1155 1984 1222 Philoclis
2020 1157 2252 1236 narrationem,

441 1273 514 1316 cum
537 1273 601 1338 qua
622 1251 785 1338 Lysandri
807 1261 841 1318 et
863 1251 1017 1318 Philoclis
1040 1254 1142 1320 verba
1164 1277 1262 1341 quam
1284 1259 1463 1324 arctissime
1494 1259 1715 1338 cohaerent.¹)
1765 1259 1875 1344 Atque
1903 1259 2038 1347 quade
2067 1281 2165 1325 causa
2194 1259 2252 1324 Gr.

441 1354 643 1420 dubitaverit
664 1355 706 1420 de
734 1354 978 1441 Theophrasto,
1009 1365 1128 1442 putans
1150 1359 1332 1446 Θεόπομπος
1361 1361 1568 1427 scribendum
1592 1384 1679 1442 esse,
1701 1361 1854 1449 equidem
1874 1360 1973 1447 plane
2002 1383 2068 1426 nou
2089 1363 2251 1448 percipio:

416 1473 420 1480 '
441 1459 555 1544 quidni
577 1453 665 1523 enim
687 1459 870 1545 cogitamus
891 1459 933 1524 de
955 1459 1182 1547 Theophrasto
1205 1464 1301 1530 Erasi
1321 1471 1400 1530 nato
1422 1487 1518 1551 quem
1541 1473 1671 1550 praeter
1692 1463 1773 1528 alios
1795 1463 1896 1529 libros
1918 1467 2018 1529 stiam
2042 1466 2253 1553 ὑπομνήματα

440 1562 575 1649 ἱστορικιί
597 1563 829 1648 conscripsisse
852 1563 1006 1642 scimus2)
1031 1571 1063 1626 et
1084 1583 1126 1629 ex
1149 1586 1212 1652 quo
1236 1564 1309 1630 aliis
1332 1588 1460 1654 quoque
1483 1563 1564 1632 loeis
1585 1565 1733 1642 hausisse
1756 1565 1966 1632 Plutarchum
1989 1567 2174 1644 conatam?

595 1663 732 1754 Majore
738 1665 815 1750 jure
838 1663 937 1750 prr.
961 1673 994 1729 et
1017 1665 1074 1732 Gr.
1096 1687 1277 1751 provocare
1299 1669 1481 1754 potuissent
1502 1669 1685 1768 ad‘codicis
1707 1670 1739 1733 D
1763 1669 1914 1750 (Parisini
1944 1669 2084 1754 1642⁴))
2114 1669 2252 1735 auctori-

440 1773 550 1850 tatem,
573 1787 765 1854 responsum
787 1766 941 1836 Philoclis
964 1767 1094 1855 aliaque
1116 1769 1280 1842 addentis:
1306 1777 1523 1860 [παρανομιῖν],
1545 1774 1679 1860 νικήσας,
1707 1773 1786 1860 ἔφη,
1814 1775 1907 1852 ποία,
1935 1774 1957 1838 d
1987 1781 2101 1841 παθεῖν
2130 1773 2253 1857 ἔμελλες

440 1871 600 1960 η’ττηθιίς,
622 1874 714 1952 scidiis
736 1876 844 1940 τοῦτον
864 1875 1017 1958 α’πὲσφαξι
1040 1875 1204 1956 μετὰτῶν
1232 1877 1334 1943 ἄλλων
1368 1879 1556 1966 στρατηγῶν.
1611 1875 1706 1956 Quod
1737 1874 1998 1940 additamentum
2038 1875 2078 1940 G.
2109 1873 2251 1960 Sauppe,

440 1975 496 2063 qui
519 1984 673 2040 accurate
693 1974 782 2054 huno
804 1975 950 2041 codicem
973 1978 1127 2059 excussit,
1148 1999 1344 2064 quamquam
1366 1976 1611 2043 memorabilem
1635 1976 1720 2042 dixit
1742 1987 1776 2042 et
1808 1976 2047 2064 quodammodo
2077 1976 2253 2042 detenden-

440 2077 563 2162 dum⁵)‚
585 2080 620 2142 in
643 2078 720 2144 edit.
744 2078 891 2144 Tauchn.
913 2091 1023 2144 tamen
1044 2101 1111 2144 non
1133 2074 1259 2168 recepit
1278 2083 1315 2146 in
1336 2090 1461 2147 textum
1484 2090 1581 2168 atque
1603 2081 1708 2167 magis
1732 2082 1803 2167 jam
1831 2080 1963 2146 videtur
1984 2079 2140 2166 probasse
2162 2079 2253 2144 Brei-

440 2182 607 2248 tenbachii
629 2184 825 2248 sententiam
846 2183 928 2247 mibi
950 2204 1079 2280 quoque
1101 2182 1321 2269 probatam⁶):
1346 2184 1446 2262 ,mihi
1468 2183 1602 2272 quidem
1623 2205 1688 2248 non
1713 2182 1848 2247 dubium
1872 2192 1921 2247 est
1941 2184 2021 2271 quin
2050 2182 2253 2247 additameu-
2375 2269 2383 2280 .

440 2297 508 2354 tum
531 2284 621 2351 istud
642 2309 685 2350 ex
708 2284 881 2350 Plutarcho
904 2285 947 2350 ad
969 2287 1149 2372 marginem
1173 2285 1296 2350 codicis
1318 2285 1455 2371 alicujus
1478 2288 1520 2350 sit
1537 2287 1694 2373 scriptum
1707 2285 1839 2365 atinde,
1857 2287 2007 2374 quamvis
2020 2286 2253 2350 inconcinnam

440 2389 595 2455 redderet
617 2389 806 2468 orationem,
829 2389 864 2454 in
886 2388 1060 2453 verborum
1084 2398 1274 2454 contextum
1296 2411 1368 2457 esse
1391 2397 1568 2476 receptum.
1604 2388 1833 2476 Xenophontis
1856 2387 1968 2468 verba,
1998 2397 2035 2452 ut
2056 2409 2145 2453 nunc
2166 2397 2251 2466 sunt,

439 2495 603 2579 integrum
624 2490 747 2556 habent
769 2513 910 2574 sensum,
933 2513 1060 2580 neque,
1073 2492 1198 2577 opinor,
1221 2495 1292 2580 ipse
1315 2492 1483 2574 Weiekiuq
1505 2491 1682 2580 quidquam
1706 2489 1929 2570 desiderasset,
1959 2493 1987 2558 si
2014 2491 2182 2558 Plutarchi
2210 2490 2253 2556 de

440 2599 560 2666 haere
583 2617 649 2662 non
671 2595 867 2670 haberemus
891 2597 1177 2675 narrationem.“⁷)
2045 2613 2054 2628 ‘

595 2802 754 2868 Ultimum
776 2801 921 2868 tractabo
944 2824 1087 2888 pugnam
1111 2802 1350 2869 Coronensem:
1373 2801 1462 2867 Heli.
1484 2801 1533 2865 IV
1554 2803 1585 2885 3,
1610 2801 1651 2866 15
1674 2824 1743 2888 sqq.

595 2906 635 2970 ln
657 2911 687 2987 ᾗ.
715 2907 754 2972 15
777 2927 851 2971 cum
875 2915 1105 2971 enumerentur
1127 2909 1159 2970 ei
1181 2908 1236 2992 qui
1259 2929 1280 2972 a
1297 2904 1526 2992 Thebanorum
1547 2914 1579 2969 et
1596 2904 1930 2969 Lacedaemoniorum
1948 2903 2095 2990 partibus
2113 2901 2253 2981 stabant,

439 3009 604 3074 intereos
627 3010 683 3096 qui
706 3029 780 3074 cum
804 3008 959 3095 Agesilao
981 3017 1057 3073 sunt
1078 3009 1218 3073 refertur
1241 3010 1339 3073 etiam
1361 3006 1397 3076 οὗ
1418 3011 1599 3094 Ἡριππίδας
1622 3010 1750 3096 ἔξινιίγιι
1776 3011 1899 3086 ξενικοῦ,
1923 3006 1965 3071 de
1987 3028 2051 3094 quo
2072 3027 2148 3076 non
2176 3006 2256 3070 satis

440 3121 529 3178 recte
545 3111 698 3197 judicare
721 3111 850 3178 videtur
873 3111 1055 3196 Grosssr8).
1099 3110 1300 3196 Herippidas
1323 3113 1412 3176 enim
1434 3097 1518 3176 unus
1541 3133 1559 3176 e
1589 3111 1724 3197 triginta
1752 3109 1817 3175 illis
1852 3119 1922 3175 erat
1950 3111 2006 3196 qui
2034 3131 2126 3176 more
2155 3108 2256 3172 Lace

440 3197 685 3280 daemoniorum
703 3215 818 3279 ducem
836 3213 1076 3304 comitabantur
1090 3213 1198 3300 (1114,
1216 3216 1276 3300 20;
1293 3213 1341 3280 lv
1354 3218 1383 3296 1,
1392 3215 1435 3279 20
1443 3220 1536 3300 sqq),
1552 3236 1691 3300 eumque
1705 3213 1879 3300 Agesilaus
1893 3213 2095 3301 praefecerat
2107 3209 2255 3297 reliquiis

441 3318 633 3404 Cyreorum,
657 3316 775 3404 quibus
797 3317 983 3403 Xenophon
1006 3328 1103 3382 antea
1125 3319 1310 3405 praefuerat
1333 3317 1393 3400 (Ill
1416 3318 1449 3400 4,
1471 3318 1529 3386 2οι
1562 3315 1755 3406 [Αγησίλαος
1784 3316 1881 3405 ἔταξε]
1901 3319 2086 3404 Ἡριππίδαν
2107 3317 2157 3381 ἐπὶ
2184 3316 2256 3392 τούς

440 3421 612 3511 Κυρείους).
658 3420 739 3486 Inde
761 3430 852 3508 patet
874 3422 937 3487 hoc
959 3421 1032 3487 loco
1054 3425 1166 3500 ξενικὸν
1188 3421 1270 3486 illud
1292 3443 1365 3488 esse
1386 3423 1475 3508 ipsos
1499 3419 1640 3507 Gyreos,
1670 3419 1724 3485 vel
1752 3423 1860 3506 potius
1888 3417 2255 3507 partem'praecipuam

440 3526 512 3610 ejus
540 3528 654 3602 ξενικοῦ
683 3547 740 3590 eos
769 3525 881 3605 fuisse,
917 3547 990 3590 cum
1020 3525 1075 3590 alii
1104 3526 1202 3590 etiam
1231 3526 1312 3589 socii
1343 3524 1404 3590 sub
1426 3523 1630 3610 Herippidas
1654 3533 1760 3589 essent
1782 3524 1969 3610 imperiol),
2009 3542 2116 3608 neque
2156 3519 2256 3584 debet

441 3626 824 3693 Grosserexbocloco
848 3627 1019 3696 colinum
1043 3627 1145 3712 1112,
1170 3629 1187 3693 7
1211 3633 1326 3708 (ὁτῶν
1358 3633 1498 3717 Κυρείων
1528 3629 1736 3717 πραιστηκιίς,
1767 3627 1824 3691 ubi
1853 3627 1939 3693 Xen.
1972 3625 2078 3692 dictus
2114 3645 2184 3689 esse
2223 3629 2256 3685 et

440 3728 521 3794 mihi
542 3727 748 3809 ridetur¹⁰))
772 3729 936 3814 colligere,
958 3730 1213 3816 Xenophontem
1233 3733 1338 3814 ipsum
1360 3732 1436 3796 huic
1457 3753 1588 3817 pugnas
1611 3730 1759 3822 affuisse:
1781 3728 1869 3815 quod
1893 3739 2003 3794 tamen
2025 3727 2097 3792 eliis
2126 3748 2145 3791 e
2175 3725 2254 3789 locis

440 3829 543 3914 (velut
564 3856 583 3896 e
604 3832 690 3897 Plut.
716 3833 814 3918 Ages.
839 3834 880 3898 18
903 3832 975 3902 coll.
998 3856 1071 3899 cum
1094 3835 1179 3899 Xon.
1203 3837 1267 3900 An.
1289 3834 1320 3898 V
1342 3835 1373 3918 3,
1396 3836 1431 3919 6)
1454 3844 1567 3920 patero
1588 3856 1654 3899 non
1678 3833 1937 3919 negaverim.¹¹)
2045 3828 2051 3838 ’

599 4005 623 4070 ι)
641 4001 737 4058 Etiam
754 4003 933 4060 Plutarchea:
954 4004 1016 4060 τίνα
1033 4011 1146 4073 τιμᾶται
1163 4007 1243 4076 δίκην
1260 4003 1350 4079 ἑαυτῷ
1367 4010 1485 4060 τοιαῦτα
1502 4005 1564 4076 περί
1579 4004 1715 4075 Ἑλλήνων
1732 4001 1970 4077 συμβεβουλευκὼς
1987 4007 2046 4065 τοῖς
2062 4002 2189 4064 πολίταις
2206 3999 2254 4056 vix

439 4089 538 4144 hausta
555 4107 617 4145 esse
635 4093 755 4160 possunt
771 4107 807 4144 ex
824 4089 1053 4160 Xenophontsis:
1073 4092 1158 4163 ιί-είη
1177 4089 1255 4159 ἄξιος
1272 4096 1376 4147 παθεῖν
1394 4091 1547 4161 ἀρξάμενος
1564 4091 1603 4154 είς
1613 4090 1748 4160 Ἕλληνας
1764 4095 1942 4159 παρανομεῖν.

597 4178 622 4245 ²)
640 4177 690 4232 cfr.
710 4177 742 4230 A.
764 4175 905 4243 Sebastos,
924 4176 1128 4244 quellenkunde
1146 4195 1192 4248 pg.
1211 4179 1253 4231 86.

597 4265 622 4332 ³)
642 4264 691 4318 cfr.
709 4261 811 4318 Fricke
831 4266 848 4316 l.
867 4264 885 4317 l.
903 4280 986 4334 pagg.
1005 4265 1052 4332 52;
1073 4265 1122 4330 56;
1142 4265 1192 4330 95;
1211 4265 1253 4318 98.
1274 4295 1303 4303 -
1324 4263 1499 4333 Πανταζίδης
1516 4262 1535 4314 l.
1552 4263 1571 4314 l.
1591 4263 1641 4316 123
1659 4279 1698 4331 sq.

598 4352 622 4415 ⁴)
641 4366 726 4419 quem
743 4365 806 4403 eum
822 4366 881 4404 nou
898 4348 1051 4419 diligenter
1068 4349 1204 4420 scriptum
1218 4349 1358 4419 judicavit
1374 4348 1498 4420 Dindorf,
1511 4349 1566 4414 (ed.
1585 4348 1635 4403 Ox.
1653 4353 1710 4416 pg.·
1721 4349 1761 4410 14,
1780 4345 1831 4403 cfr.
1850 4345 1892 4400 od
1911 4343 2020 4404 Teubn.
2037 4345 2055 4400 l.
2077 4343 2112 4400 l.:
2130 4340 2253 4410 „nullius

439 4434 507 4489 fidei
523 4435 662 4502 librum“)‚
681 4435 715 4490 G.
734 4435 845 4506 Sauppe
863 4441 981 4505 (quaest.
1000 4436 1073 4490 Xen.
1090 4435 1131 4492 IV
1153 4437 1217 4490 1861
1249 4453 1296 4504 pg.
1316 4436 1342 4503 1)
1361 4434 1444 4488 simul
1462 4450 1524 4488 cum
1550 4434 1645 4488 codice
1669 4433 1692 4486 B
1723 4434 1798 4487 inter
1820 4431 1962 4487 Parisinos
1992 4432 2077 4500 longe
2108 4433 2252 4499 praestare

440 4519 562 4574 affirmat
579 4524 608 4574 et
625 4537 715 4589 paens
733 4520 857 4590 ejusdem
876 4521 1021 4589 dignitatis
1040 4539 1102 4577 esse
1121 4539 1153 4576 ec
1171 4521 1203 4574 B.
1222 4537 1305 4590 quem
1323 4519 1447 4574 Dindorf
1461 4527 1574 4576 secutus
1593 4527 1644 4579 est.
1663 4553 1704 4585 -,
1715 4519 1766 4575 cfr.
1783 4521 1817 4575 A.
1835 4519 1934 4573 Lares.
1952 4519 1970 4572 l.
1987 4518 2007 4570 1.
2025 4519 2059 4572 34
2077 4534 2118 4585 sq.

599 4609 623 4673 ⁵)
642 4611 748 4676 quaest.
768 4609 841 4662 Xen.
859 4607 901 4662 IV
918 4624 982 4678 pag.
1003 4611 1029 4666 6.

598 4693 622 4761 7)
641 4694 708 4748 edit.
726 4693 835 4752 Hellen.
856 4695 931 4758 1853.
966 4695 1021 4749 vol.
1039 4695 1067 4748 Il
1085 4711 1148 4765 pag.
1168 4689 1261 4748 XXII.
1574 4759 1577 4768 .

597 4785 622 4848 7)
642 4781 692 4834 cfr.
709 4780 886 4858 Diodortium
904 4780 948 4836 ed.
967 4781 1018 4837 Ox.
1036 4783 1072 4836 ad
1089 4783 1115 4838 V
1132 4786 1157 4851 4,
1187 4785 1219 4836 14
1237 4783 1385 4849 dicentem,
1412 4795 1582 4849 quamquam
1605 4777 1687 4846 hujus
1715 4775 1901 4831 additamenti
1930 4775 2075 4846 ignarum,
2102 4775 2251 4844 aliquoties

440 4866 522 4936 hujus
542 4865 645 4921 codicis
664 4866 688 4919 D
706 4865 853 4920 librarium
871 4868 985 4922 lacunas
1005 4867 1156 4922 audacibus
1176 4867 1344 4937 conjecturis
1363 4867 1526 4935 explevisse.
1545 4896 1577 4909 —
1589 4865 1629 4918 A.
1647 4865 1736 4919 Lares
1761 4864 1779 4919 1.
1804 4863 1823 4916 l.
1847 4862 1935 4916 uerba
1960 4861 2010 4916 illa
2034 4861 2063 4915 iu
2088 4863 2251 4916 contextum

440 4953 604 5023 recipienda
621 4956 725 5008 censet.

598 5041 621 5109 8)
639 5041 659 5096 l.
676 5040 695 5093 1.
715 5041 772 5105 105,
791 5041 850 5094 737.
1061 5041 1085 5105 1)
1105 5041 1153 5093 cir.
1172 5040 1278 5095 Herbst
1294 5057 1358 5093 nov.
1377 5055 1441 5091 ann.
1459 5035 1527 5106 phil.
1546 5037 1587 5101 77,
1606 5037 1666 5090 690.

583 5125 622 5192 ¹⁰)
642 5125 692 5181 cfr.
710 5124 858 5182 Nitschsl.
872 5125 890 5181 l.
908 5127 956 5190 303
975 5123 1008 5180 G.
1022 5125 1053 5181 F.
1072 5126 1236 5196 Hertsberg,
1256 5127 1306 5181 das
1319 5125 1404 5180 leben
1423 5125 1472 5178 des
1493 5122 1599 5192 Konigs
1614 5124 1759 5194 Agesilaos
1772 5122 1800 5175 11
1813 5137 1868 5175 von
1884 5120 1993 5190 Sparta,
2011 5135 2057 5190 pg.
2071 5121 2118 5187 47;
2133 5119 2192 5186 257,
2207 5118 2249 5170 50.

582 5213 623 5278 ¹¹)
641 5212 690 5267 etr.
710 5211 738 5268 C.
758 5211 790 5266 G.
809 5211 945 5282 Krueger,
962 5211 998 5266 do
1015 5212 1211 5283 Xenophontis
1229 5211 1289 5267 sita
1306 5229 1370 5281 pag.
1388 5213 1423 5266 22
1450 5227 1510 5280 sqq.
1536 5235 1570 5257 =
1594 5205 1969 5278 Philologiscbhistorische
1997 5204 2110 5258 studien
2140 5203 2169 5257 11
2198 5205 2250 5258 276

439 5315 499 5367 sqq.
520 5329 549 5340 -
570 5299 736 5369 Hertzberg,
754 5299 772 5352 l.
791 5299 810 5352 l.
828 5315 892 5368 pag.
910 5299 970 5366 280,
990 5301 1040 5354 185
1058 5298 1084 5353 d.
1103 5330 1135 5339 -
1154 5297 1228 5354 Hub.
1246 5298 1401 5380 Beckbaus,
1419 5295 1455 5350 de
1473 5295 1678 5364 Xenophonteo
1696 5293 1745 5362 qui
1761 5293 1851 5348 fertur
1868 5292 2006 5362 Agesilao,
2033 5291 2113 5360 1868,
2143 5307 2189 5360 pg.
2207 5291 2252 5348 50.
