4820 6094
1069 529 1113 594 35

187 751 228 795 ea
250 753 269 796 a
287 728 462 797 Plutarcho
485 727 617 796 aliunde
640 753 711 797 esse
733 731 857 798 addita:
881 731 1058 799 ostendunt
1078 736 1186 820 potius
1208 757 1269 820 per
1285 742 1385 802 totam
1405 736 1488 802 hanc
1506 739 1726 806 narrationem
1745 741 1996 827 Xenophontem

187 853 253 898 nau
274 833 374 898 fuisse
396 834 518 899 fontem
541 833 719 900 Plutarchi.

343 936 453 1002 Verba
476 937 703 1024 Xenophontis
732 943 762 1021 5.
785 938 843 1002 242
872 945 969 1007 ταῦτα
996 941 1025 1006 d’
1047 943 1139 1009 ἒποιίι
1169 942 1312 1029 τέτταρας
1340 942 1465 1029 ἡμέρας·
1494 947 1543 1012 καὶ
1571 946 1599 1012 οἱ
1619 947 1787 1033 Ἀθηναῖοι
1809 947 1997 1036 ἐπανήγοντο

188 1061 262 1104 cum
285 1042 468 1127 copiosiora
489 1042 628 1107 redeant
649 1041 738 1127 apud
755 1041 980 1108 Plutarchum.
1003 1051 1046 1136 τῇ
1067 1043 1095 1109 d‘
1117 1046 1262 1136 ὑστεραίᾳ
1283 1044 1374 1110 πάλιν
1395 1048 1529 1132 ἐγίνοντο
1550 1056 1646 1116 ταῦτα
1663 1053 1713 1116 aul
1734 1055 1775 1142 τῇ
1796 1079 1888 1144 τριτῃ
1904 1053 1997 1138 μέχρι

188 1146 346 1231 τετάρτης,
368 1143 444 1213 olore
467 1153 530 1212 κτλ.
552 1145 675 1233 scripta
697 1144 836 1211 dicitB.
860 1168 880 1209 a
897 1144 1071 1211 Plutarcho
1090 1168 1133 1210 ex
1150 1167 1240 1210 more
1258 1145 1435 1214 rhetorum.
1466 1146 1617 1214 Profecto
1635 1149 1773 1215 rhetoris
1791 1150 1997 1239 disciplinam

187 1246 353 1327 redolent,
385 1270 489 1336 eaque
521 1247 562 1312 de
592 1270 691 1313 causa
712 1248 844 1340 Ephoro
866 1248 947 1313 mihi
968 1248 1122 1354 ridentur
1151 1247 1334 1332 tribuenda,
1359 1251 1416 1337 qui
1437 1249 1549 1356 rhetor
1569 1252 1631 1318 fuit
1654 1255 1727 1318 et
1708 1263 1873 1343 ρητοραῶς
1895 1254 1998 1320 multa

187 1352 327 1436 scripsit

343 1453 559 1519 Pervenimus
597 1475 684 1519 nunc
720 1453 763 1518 ed
791 1453 974 1520 Alcibiadis
1009 1477 1083 1520 cum
1112 1453 1363 1524 Atheniensium
1401 1453 1541 1520 ducibus
1569 1455 1767 1544 colloquium
1794 1460 1883 1546 quod
1912 1460 1997 1524 Xan.

188 1559 218 1638 5.
241 1555 285 1620 25
307 1557 421 1636 refert,
452 1577 588 1644 quocum
612 1553 696 1622 Plut.
720 1556 790 1624 Alo.
814 1558 856 1622 36
879 1567 913 1622 et
940 1557 1106 1644 tta-oye.
1131 1557 1172 1622 10
1203 1555 1315 1622 multis
1337 1557 1436 1623 rebus
1458 1561 1623 1645 congruit,
1655 1582 1729 1626 cum
1757 1562 1800 1627 ab
1829 1565 1876 1628 eis
1897 1561 1998 1628 Diod.

187 1657 272 1722 XllI
285 1659 357 1730 105
379 1670 412 1724 et
434 1657 531 1726 Corn.
556 1660 638 1745 Nep.
662 1659 734 1725 Ale.
758 1661 778 1724 8
801 1659 999 1726 abhorreant
1022 1661 1284 1749 (Theopompum
1306 1671 1445 1748 uterque
1467 1671 1621 1743 secutus).

235 1759 240 1768 '
343 1761 535 1828 Plutarchus
554 1763 670 1828 eadem
692 1763 761 1828 fere
783 1774 923 1850 utroque
946 1763 1016 1829 loco
1038 1786 1175 1829 mirans
1196 1763 1354 1829 nonnulla
1376 1763 1470 1828 aliter
1492 1764 1592 1830 tradit
1614 1787 1711 1852 quam
1733 1767 1936 1854 Xenophon3
1964 1777 2001 1834 ut

188 1885 254 1930 non
283 1865 435 1931 videatur
463 1866 563 1931 statui
590 1887 686 1952 posse
716 1887 789 1930 eum
821 1886 864 1929 ex
891 1864 947 1930 illo
976 1867 1047 1952 ipso
1077 1865 1232 1934 hausisse.
1278 1866 1334 1932 Sic
1361 1888 1436 1932 cum
1466 1871 1551 1932 Xen.
1579 1869 1608 1954 5.
1639 1869 1683 1934 25
1712 1879 1863 1934 accurate
1891 1870 2001 1935 tradat

188 1967 365 2055 qaindecim
386 1967 565 2034 stadiorum
587 1969 688 2034 fuisse
716 1969 779 2032 iter
804 1968 848 2032 ab
874 1966 955 2032 urbe
978 1967 1073 2033 Sesto
1096 1968 1138 2032 ad
1160 1990 1262 2035 naves
1285 1969 1554 2056 Atheniensium,
1584 1969 1669 2036 Plut.
1694 1974 1853 2062 πόρρωθεν
1874 1983 2001 2038 ιοιιιιιιιι

189 2069 268 2135 dicit
285 2075 319 2138 ἐκ
332 2078 456 2158 Σηστοῦ
467 2076 507 2139 τοι
517 2075 674 2160 ἐπιτήδεια
685 2072 906 2156 λαμβάνοντος.
923 2071 1056 2136 Deinde
1070 2093 1153 2159 quae
1169 2072 1211 2138 d'e
1223 2073 1387 2160 Lysandri
1405 2075 1508 2162 copiis
1526 2072 1700 2140 traduntur
1717 2095 1781 2141 non
1802 2084 2000 2162 congruunt:

187 2173 272 2239 Xen.
297 2173 326 2259 5.
350 2174 407 2240 25:
431 2177 501 2256 τοιές
530 2179 692 2260 πολεμίους
720 2179 754 2242 ἐν
775 2177 872 2261 λιμένι
895 2180 944 2243 καὶ
965 2177 1039 2265 πρὸς
1061 2173 1146 2243 πόλει
1169 2179 1297 2262 ἔχοντας
1318 2175 1434 2261 πάντας

187 2276 273 2342 Plut.
296 2278 375 2365 Lys.
399 2279 454 2344 10:
478 2285 541 2346 τῶν
563 2281 716 2364 πολεμίων
737 2281 953 2368 ἐφορμούντων
974 2282 1176 2364 οτροιτεῦματι
1198 2283 1440 2373 μοναρχουμένῳ
1462 2287 1525 2346 κτλ.

187 2378 261 2445 Alo.
284 2378 342 2444 36:
365 2383 626 2469 ἀντεφορμοῦντος
639 2385 753 2463 ,αὐτοῖς
770 2385 881 2450 στόλου
903 2387 976 2471 πρὸς
997 2387 1152 2471 ἐπίταγμα
1174 2387 1360 2472 μοναρχικόν
1381 2385 1556 2469 εἰθισμένου
1577 2389 1679 2476 σιωπῇ
1700 2386 1800 2452 πάντα
1822 2392 1924 2450 ποιεῖν.

343 2483 436 2564 Quae
454 2484 497 2548 ad
520 2485 610 2550 urbis
630 2485 717 2551 Sesti
737 2507 855 2551 nomen
878 2486 1053 2552 iddentem
1072 2487 1152 2552 facit
1169 2485 1377 2553 Alcibiadem
1399 2488 1502 2552 Xera:
1531 2484 1567 2556 οὗ
1587 2489 1670 2568 ὄντες
1692 2489 1906 2576 ναυμαχήσετε
1929 2487 2004 2555 ὅταν

186 2587 342 2672 βούλησθε
366 2584 451 2652 Plut.
482 2608 549 2651 non
571 2587 685 2668 habet,
709 2597 806 2675 atque
828 2586 869 2654 de
892 2587 1033 2654 ducibus
1055 2588 1305 2656 Atheniensium
1329 2589 1494 2656 Alcibiadi
1517 2590 1573 2676 qui
1595 2611 1787 2678 responsum
1811 2590 1903 2671 dunt,
1938 2611 2003 2654 non

186 2688 282 2776 plane
306 2689 419 2756 eadem
451 2691 666 2766 referuntur.
670 2673 765 2755 Χοο.
796 2693 884 2756 enim
906 2691 1023 2778 Tydea
1051 2703 1085 2757 et
1106 2693 1322 2758 Menandrum
1352 2713 1427 2759 oum
1447 2695 1608 2776 nominet,
1640 2692 1726 2759 Plut.
1755 2692 1859 2758 solum
1888 2639 2005 2780 'l'ydea

187 2792 268 2858 dicit
290 2799 376 2872 (cum
400 2794 498 2860 Diod.
518 2805 551 2859 et
573 2795 684 2882 Nepos
705 2792 873 2861 Philocles
895 2795 1030 2878 dicant).
1076 2793 1188 2861 Verba
1210 2817 1321 2862 eorum
1344 2800 1414 2863 fere
1437 2797 1552 2863 eadem
1575 2741 1748 2862 tieduntru
1770 2796 1858 2884 apud
1881 2806 2003 2862 unum·
2105 2879 2109 2886 ι

191 2919 264 3000 que,
283 2919 357 2963 cum
375 2896 574 2964 levissimum
593 2900 636 2964 sit
655 2921 674 2964 a
691 2897 866 2964 Plutarcho
889 2901 954 2968 ετέ
960 2927 1048 2985 ρους
1070 2911 1251 2987 στρατηγεῖν
1274 2900 1350 2986 dici,
1373 2923 1393 2965 a
1411 2899 1630 2986 Xenophonte
1653 2901 1741 2967 αὐτοί
1762 2925 1826 2988 στρ.
1831 2901 1892 2976 1)·
1890 2900 2005 2965 ·Ι)οιιί-

191 3021 253 3087 que
282 2999 477 3087 proditionis
508 3001 608 3067 finisse
630 3013 797 3088 suspectos
824 3002 925 3068 duces
947 3000 1197 3068 Atheniensium
1221 3003 1388 3070 Alcibiadi
1417 3003 1509 3070 addit
1529 3001 1633 3083 Plut.,
1662 3002 1750 3091 quod
1779 3025 1842 3066 non
1866 3001 2005 3088 legimus

191 3105 279 3191 apud
306 3106 569 3193 Xenophontem.
614 3107 707 3186 Quae
738 3108 861 3185 omnia,
891 3127 1087 3212 quamquam
1117 3105 1246 3192 singula
1274 3106 1362 3172 haud
1383 3105 1478 3172 multi
1499 3106 1656 3171 momenti
1678 3127 1750 3171 esse
1767 3107 1847 3192 jure
1866 3106 2003 3185 diceres,

191 3208 367 3293 conjuncta
389 3211 569 3274 certissime
590 3209 747 3296 probant,
769 3207 1062 3296 Xenophontem
1042 3231 1149 3295 ipsum
1172 3231 1192 3272 a
1212 3208 1389 3275 Plutarcho
1411 3233 1477 3276 non
1499 3211 1682 3297 inspectum
1704 3209 1814 3274 fuisse.

345 3310 412 3377 Sed
440 3321 507 3377 tam
539 3310 628 3378 facili
659 3333 761 3431 opera
788 3311 840 3376 his
870 3311 950 3376 locis
972 3333 1025 3375 me
1048 3310 1182 3398 defungi
1206 3310 1419 3398 Cyprianus
1410 3323 1454 3378 et
1476 3314 1533 3378 Gr.
1556 3334 1622 3378 non
1645 3315 1853 3400 permittunt,
1885 3313 1941 3400 qni
1970 3313 2003 3376 in

191 3414 238 3477 eis
255 3412 349 3479 varia
371 3416 536 3480 invenisse
558 3415 623 3480 sihi
645 3416 709 3479 uisi
731 3425 822 3495 sunt,
847 3413 965 3500 quibus
988 3415 1180 3478 senteutiam
1204 3434 1295 3480 suam
1317 3416 1494 3482 firmarent.
1540 3415 1640 3502 Gypr.
1663 3415 1884 3499 contendit2),
1910 3437 2006 3502 prop·

190 3527 241 3583 ter
264 3518 367 3585 verba
388 3521 506 3588 σ’πιέοαι
530 3521 611 3585 οι”
585 3549 684 3606 opero
709 3521 749 3604 (5.
773 3520 828 3599 26)
857 3520 1042 3584 necessario
1071 3516 1258 3584 addendum
1289 3518 1392 3584 fuisse
1414 3520 1514 3585 etiam
1545 3517 1689 3584 adeundi
1711 3517 1845 3606 aliquod
1865 3517 2003 3582 verbnm

191 3607 326 3706 (Plut.‘'
313 3651 397 3716 ιππῳ
419 3624 636 3710 προσελάσας),
662 3646 736 3689 eum
759 3645 846 3688 nunc
878 3633 1045 3687 narratum
1071 3623 1114 3687 sit
1136 3621 1342 3688 Alcibiadem
1371 3623 1531 3687 mansisse
1554 3621 1588 3686 in
1616 3642 1676 3686 suo
1700 3618 1833 3686 castello
1856 3629 1890 3685 et
1911 3644 1950 3686 eu
1971 3644 2005 3686 eo

190 3695 386 3792 collocuturi
424 3749 496 3794 esse
533 3749 607 3794 eum
645 3727 781 3793 ducibus
810 3736 844 3791 et
872 3748 946 3792 eum
979 3725 1130 3792 verbo‘
1112 3753 1173 3814 εφη
1202 3725 1398 3818 probaretur
1426 3722 1640 3790 Alcibiadem
1663 3723 1706 3789 ad
1735 3723 1834 3789 duces
1862 3725 2003 3790 venisse.

189 3827 361 3896 Simillime
384 3831 441 3895 Gr.
447 3833 476 3911 ³)
498 3833 617 3896 mirum
639 3839 748 3918 putat,
778 3828 985 3896 Alcibiadem
1008 3850 1050 3894 ex
1072 3828 1145 3915 ipso
1168 3827 1302 3894 castello
1326 3827 1426 3894 duces
1447 3829 1669 3915 vituperasse,
1701 3848 1775 3892 cum
1799 3823 1909 3912 paullo
1931 3837 2005 3912 post

188 3929 317 4018 legatur
339 3954 411 3998 eum
433 3933 568 4000 redisse.
591 3971 634 3983 —-
665 3933 788 3997 Contra
809 3955 865 3998 eos
897 3932 1066 4018 disputans
1087 3931 1394 3997 Buechsenschuetz
1425 3941 1515 3997 recte
1537 3930 1617 3996 dicit
1639 3953 1699 4016 per
1720 3952 1756 3994 se
1777 3939 1907 4016 patere,
1937 3952 2002 3993 non

191 4056 234 4098 ex
256 4035 390 4101 castello
421 4037 628 4102 Alcibiadem
657 4058 732 4102 cum
761 4035 898 4101 ducibus
927 4034 1123 4124 colloquium
1152 4034 1305 4101 habuisse
1335 4035 1485 4123 (quisque
1515 4037 1601 4100 enim
1631 4055 1730 4100 sanae
1760 4035 1878 4098 mentis
1906 4033 2003 4101 homo

189 4147 303 4223 sponte
326 4133 495 4226 intelligit,
518 4140 724 4206 Alcibiadem
752 4149 850 4206 antea
870 4161 902 4204 se
925 4139 1089 4206 ematosa
1110 4139 1156 4204 ad
1176 4140 1325 4223 oceno),
1350 4161 1423 4204 cum
1445 4138 1549 4205 verba
1571 4136 1798 4224 Xenophontis
1820 4136 1904 4202 nihil
1925 4159 2003 4204 eon-

349 4400 372 4466 ¹)
392 4397 437 4454 Sic
455 4398 485 4452 in
502 4397 654 4452 undecima
673 4396 797 4452 editione
817 4399 951 4463 (Berolini
971 4397 1050 4464 1373)
1068 4393 1153 4449 etiam
1172 4392 1359 4448 Breitenhach
1382 4394 1468 4464 legit,
1498 4409 1561 4446 oum
1579 4393 1609 4447 in
1633 4393 1728 4463 priore
1753 4393 1875 4447 editione
1899 4394 2003 4458 adroic

190 4484 325 4540 defendat
344 4486 406 4553 (cfr.
423 4483 560 4541 Zeitaehr.
579 4484 625 4540 fiir
643 4483 851 4541 Alterthumsu.
872 4487 947 4553 1951,
964 4485 1036 4550 492).
1054 4513 1088 4524 -
1106 4479 1148 4535 De
1166 4479 1271 4536 nomin.
1290 4496 1313 4536 c.
1335 4479 1385 4534 inf.
1409 4481 1515 4549 optime
1538 4481 1656 4548 exponit
1678 4479 1773 4535 Herm.
1804 4480 1840 4534 ad
1866 4479 2002 4551 Vigerum

189 4572 327 4641 742,151.
483 4595 487 4601 ·
1925 4597 1933 4614 .

347 4658 409 4725 2)1.
428 4659 445 4714 l.
464 4675 529 4728 pag.
547 4659 589 4712 53

349 4743 411 4809 ³)l
430 4743 448 4800 l
467 4745 510 4811 93,
529 4745 592 4813 729·
612 4746 671 4808 105,
690 4744 753 4796 738·
748 4757 869 4812 progr.
887 4743 936 4808 21;
955 4743 1002 4811 qui
1021 4758 1076 4810 quo
1090 4743 1156 4810 jure
1175 4742 1319 4796 desideret
1336 4738 1411 4808 apud
1428 4734 1647 4805 Xenophontem
1665 4736 1771 4806 aliquid
1795 4696 1830 4792 de
1855 4737 1938 4794 rebus
1964 4738 2000 4791 ab

189 4829 337 4885 Alcibiade
356 4831 445 4900 gestis
465 4830 530 4884 inde
550 4829 660 4898 eblo,
681 4833 713 4884 17
731 4845 820 4900 usque
837 4827 873 4881 ad
891 4825 945 4881 hoc
964 4831 1083 4896 tempus,
1108 4829 1219 4882 collatis
1238 4827 1310 4884 Plut.
1328 4827 1388 4885 Alc
1414 4829 1448 4881 36
1467 4831 1640 4896 (οοοαγαγοιν
1657 4823 1762 4892 ξένους)
1786 4829 1816 4879 et
1832 4825 1913 4880 Diod.
1931 4825 2002 4880 xm

189 4919 231 4988 74,
250 4915 378 4988 equidem
395 4917 479 4985 plane
496 4933 553 4970 non
571 4917 660 4984 capio

350 5005 374 5069 ⁴)
394 5001 493 5056 Satis'
485 5004 580 5056 mania
598 5007 663 5056 sunt
680 5019 750 5071 quae
770 5001 819 5059 Gr.
838 5003 897 5064 105,
914 5001 966 5054 738
985 4999 1067 5053 dicit:
1088 5000 1144 5068 „iet
1161 4999 1237 5054 deun
1255 4999 1360 5068 darum,
1378 4999 1441 5052 weil
1460 4999 1506 5052 eiu
1524 4997 1664 5068 gesuuder
1681 4997 1755 5050 lerer
1772 4996 1820 5049 bei
1845 4997 1937 5050 einem
1960 4996 2000 5049 lo-

189 5089 306 5159 gischeu
324 5105 450 5158 sprunge
468 5087 514 5143 die
532 5093 694 5158 erginzung
711 5087 771 5141 sich
789 5087 880 5141 selbst
896 5085 1016 5141 macheu
1033 5040 1118 5154 henli,
1136 5086 1183 5139 ein
1201 5085 1366 5140 classiecher
1384 5088 1465 5139 autor
1490 5103 1524 5139 ru
1550 5085 1639 5139 einem
1666 5080 1781 5137 solehen
1805 5081 2000 5154 berechtigth‘

189 5176 305 5232 Affirmo
323 5176 462 5246 equidem.
498 5177 552 5230 Cir.
570 5173 604 5230 K.
623 5174 668 5229 W.
686 5173 815 5246 Krueger
833 5173 868 5228 ad
886 5172 957 5227 Xan.
974 5171 1027 5228 An.
1047 5169 1073 5224 11
1090 5173 1117 5242 4,
1135 5173 1164 5229 5:
1185 5171 1465 5242 „hlissdeotigkeiten
1483 5171 1606 5242 pflegten
1624 5168 1670 5223 die
1695 5167 1850 5238 Grieoheu,
1875 5189 1925 5224 nur
1951 5171 2004 5237 οιιὶ

188 5265 353 5334 cartondiye
371 5267 437 5316 laer
454 5265 590 5330 reclinend,
608 5261 688 5316 nicht
705 5259 847 5332 ingstlich
865 5277 898 5313 zu
916 5260 1103 5318 vermeiden.“
1755 5343 1772 5396 5
